1612 2488
527 100 675 136 LIBER
697 99 725 138 I.
762 99 865 137 CAP.
889 104 924 137 4.
1350 99 1405 142 13

57 209 199 252 lorum
247 208 469 251 uenissent
516 208 655 251 acturi
703 208 755 251 de
802 222 927 263 pace,
974 208 1154 251 retentis
1204 209 1267 251 eis
1311 209 1405 264 ipse

57 267 228 324 magnis
269 267 498 310 itineribus
541 267 596 310 ad
633 268 856 323 angustias
899 268 1117 322 pertendit
1160 268 1406 323 securisque

57 326 308 370 custodibus
338 330 386 370 et
412 327 653 382 legatorum
690 326 855 368 reditus
886 326 1235 381 exspectantibus
1266 327 1406 382 inopi-

55 388 184 428 natus
214 384 528 441 Thermopylas
558 386 740 428 traiecit.

147 445 187 488 7.
225 443 465 500 Iphicrates
507 444 594 486 dux
629 443 963 486 Atheniensium
998 443 1205 486 aduersus
1243 443 1405 487 Anaxi-
1432 456 1453 487 5

58 503 179 545 bium
215 502 602 546 Lacedaemonium
644 503 692 545 in
726 502 1013 558 Hellesponto
1054 503 1168 545 circa
1204 502 1407 559 Abydon,

58 576 157 604 cum
184 561 549 605 transducendum
572 562 808 604 exercitum
837 561 1019 604 haberet
1048 576 1127 618 per
1152 563 1267 618 loca,
1296 577 1406 618 quae

59 620 317 664 stafionibus
353 621 546 664 hostium
581 621 859 675 tenebantur,
898 621 1083 663 alterum
1114 624 1260 663 autem
1291 621 1407 664 latus

58 679 150 722 eius
173 680 384 722 transitus
410 680 570 723 abscisi
594 682 763 723 montes
788 683 1051 735 premerent,
1077 680 1263 722 alterum
1287 695 1407 723 mare

60 738 258 793 allueret,
288 739 552 794 aliquamdiu
582 741 794 793 moratus,
826 753 924 781 cum
954 739 1177 781 incidisset
1204 739 1407 795 frigidior
1434 751 1477 782 10

58 797 188 840 solito
219 797 311 840 dies
337 802 381 840 et
403 798 459 841 ob
490 798 572 840 hoc
595 798 758 840 nemini
788 801 1032 853 suspectus,
1063 798 1223 853 delegit
1250 798 1405 841 firmis·

60 856 195 898 simos
231 871 440 912 quosque,
477 857 632 911 quibus
670 857 763 898 oleo
796 870 848 898 ac
878 871 1000 898 mero
1030 856 1252 899 calefactis
1284 872 1406 911 prae-

58 915 185 969 cepit,
208 915 350 970 ipsam
368 930 489 958 oram
508 915 640 957 maris
658 916 864 970 legerent,
889 915 1142 971 abruptiora
1159 918 1404 958 tranarent:

61 975 191 1028 atque
225 973 291 1016 ita
325 974 525 1016 custodes
563 975 863 1030 angustiarum
903 974 1151 1029 inopinatos
1189 975 1406 1030 oppressit

59 1046 86 1074 a
113 1035 158 1074 te
211 1047 250 1075 o.
1435 1047 1478 1077 15

147 1045 212 1133 {g
224 1089 300 1133 Cn.
318 1090 564 1146 Pompeius,
595 1106 693 1134 cum
722 1092 883 1134 flumen
912 1092 1096 1135 transire
1126 1095 1303 1147 propter
1334 1107 1407 1148 op-

60 1149 254 1203 positum
282 1149 474 1192 hostium
504 1151 736 1193 exercitum
773 1165 862 1193 non
898 1153 1063 1205 posset,
1101 1151 1278 1193 adsidue
1309 1166 1407 1206 pro·

61 1208 213 1250 ducere
242 1210 287 1250 et
314 1208 516 1251 reducere
546 1210 593 1251 in
622 1212 765 1252 castra
794 1209 1005 1252 instituit:
1037 1210 1207 1261 deinde,
1238 1210 1282 1252 in
1313 1225 1408 1252 eam

61 1266 232 1309 demum
262 1268 583 1322 persuasionem
613 1268 738 1310 hoste
774 1267 1000 1324 perducto,
1039 1283 1093 1310 ne
1124 1269 1259 1311 ullam
1290 1269 1407 1311 uiam

61 1324 115 1367 ad
149 1339 428 1381 progressum
463 1327 758 1370 Romanorum
794 1330 979 1382 teneret,
1022 1330 1198 1382 repente
1241 1328 1408 1383 impetu
1433 1340 1478 1371 20

63 1383 179 1427 facto
209 1384 442 1427 transitum
471 1387 627 1440 rapuit.

149 1443 190 1485 9.
232 1442 478 1486 Alexander
516 1444 712 1500 Macedo,
755 1445 1012 1501 prohibente
1054 1458 1157 1500 rege
1198 1445 1409 1488 Indorum

61 1500 176 1544 Poro
206 1502 332 1544 traici
362 1503 594 1546 exercitum
624 1518 702 1559 per
731 1504 892 1546 flumen
915 1497 1172 1558 Hydaspen,
1203 1504 1407 1547 aduersus

63 1574 219 1615 aquam
251 1561 427 1604 adsidue
458 1577 705 1617 procurrere
732 1563 862 1605 iussit
888 1577 1008 1605 suos:
1040 1567 1083 1605 et
1107 1563 1183 1605 ubi
1210 1578 1260 1606 eo
1286 1578 1406 1606 more

53 1620 378 1674 ‘exercitationis
405 1621 631 1663 adsecutus
657 1624 742 1676 est,
773 1621 884 1676 <ne>
910 1622 1015 1676 quid
1040 1637 1064 1663 a
1084 1621 1198 1664 Poro
1224 1622 1405 1664 aduersa
1431 1634 1476 1666 25

62 1677 160 1730 ripa
183 1681 421 1732 caveretur,
450 1694 527 1733 per
552 1681 815 1734 superiorem
845 1684 1014 1734 partem
1045 1680 1236 1722 subitum
1266 1684 1407 1723 trans-

64 1734 184 1777 misit
214 1736 459 1778 exercitum.

150 1793 217 1836 9a.
234 1793 366 1850 Idem,
385 1796 486 1851 quia
502 1795 598 1838 Indi
616 1796 803 1838 fluminis
822 1796 1007 1838 traiectu
1025 1797 1341 1851 prohibebatur
1353 1798 1407 1840 ab

62 1851 202 1906 hoste,
234 1853 415 1896 diuersis
445 1855 550 1896 locis
582 1856 626 1896 in
658 1855 817 1897 flumen
845 1855 1011 1910 equites
1042 1855 1233 1898 instituit
1261 1857 1408 1899 inmit-

155 1961 178 1992 3
194 1957 407 2002 inopinatas
420 1957 467 1992 H
482 1959 489 2002 ι
510 1962 532 1992 4
545 1958 824 2003 thermophylas
837 1959 884 1994 H
902 1947 1173 2005 thei-mophilas
1188 1961 1226 1995 Ρ
1245 1963 1251 2005 1
1273 1966 1293 1996 5
1307 1961 1408 2007 Iphi-

62 2004 186 2039 cratas
210 2004 269 2038 H¹
300 2006 305 2050 Ι
339 2009 360 2040 6
382 2004 628 2050 [flellesponto
658 2006 706 2048 (h
731 2010 853 2050 erasa)
875 2006 918 2041 H
944 2008 950 2050 Ι
990 2011 1034 2042 10
1058 2006 1230 2043 ablueret
1254 2008 1292 2042 P
1310 2013 1344 2044 et
1367 2009 1414 2043 H

63 2053 148 2086 ante
174 2061 248 2086 ras.
277 2054 283 2095 Ι
317 2056 359 2086 11
387 2052 447 2087 die
472 2052 538 2087 sed
556 2053 602 2087 H
630 2054 636 2097 Ι
671 2056 714 2088 12
739 2052 932 2098 praecepit
950 2055 995 2089 ut
1011 2055 1037 2090 d
1069 2056 1077 2099 ι
1111 2058 1155 2089 13
1180 2055 1311 2090 horam
1332 2056 1377 2090 H
1398 2056 1405 2112 ξ

63 2095 277 2142 abruptiore
298 2098 344 2133 H
371 2098 586 2144 abruptiore
611 2110 657 2134 ea
681 2099 833 2144 Hartel,
857 2101 919 2136 sed
942 2101 989 2145 cf.
1015 2102 1188 2147 Polym.
1215 2105 1251 2146 3,
1269 2106 1305 2145 9,
1324 2105 1372 2138 33
1400 2116 1403 2146 ξ

66 2146 111 2178 14
139 2142 352 2189 inopinatus
378 2145 415 2180 P
445 2147 450 2189 Ι
485 2150 529 2181 16
559 2147 713 2192 propter
743 2157 809 2182 om.
842 2147 889 2182 H
915 2149 922 2191 Ι
956 2152 1000 2184 18
1038 2159 1121 2184 eam
1156 2149 1307 2184 demum
1343 2160 1409 2186 nos

64 2190 220 2226 eandem
243 2192 329 2226 ΗΡ
362 2203 446 2228 eam
469 2194 495 2228 d
536 2204 619 2229 eam
648 2193 802 2229 tandem
826 2194 923 2230 Buh.
963 2197 970 2237 Ι
1011 2199 1054 2231 19
1084 2196 1163 2231 nim
1189 2216 1233 2221 —
1258 2197 1410 2232 timeret

63 2235 220 2281 Lipsius
239 2240 246 2282 Ι
266 2242 312 2274 20
336 2240 508 2274 tenerent
524 2241 550 2276 d
571 2242 576 2281 Ι
597 2244 642 2275 25
662 2252 708 2275 ne
728 2241 819 2286 quid
837 2252 861 2276 a
878 2243 1011 2287 scripsi
1028 2243 1107 2278 coll.
1127 2248 1161 2286 1,
1175 2246 1211 2286 4,
1224 2246 1259 2278 8.
1287 2246 1323 2286 3,
1337 2247 1408 2286 2,1

64 2286 97 2318 et
114 2283 288 2330 Polym.
308 2288 427 2330 4,3,9
451 2287 638 2332 quiaHP
658 2287 722 2332 qui
747 2299 770 2323 a
790 2287 883 2324 Oua,
907 2290 951 2324 ut
968 2300 992 2325 a
1010 2290 1135 2335 6126
1160 2301 1227 2334 per
1251 2300 1318 2326 om.
1339 2291 1403 2326 P·

65 2333 111 2365 28
135 2331 295 2367 traiectu
311 2332 350 2367 P
374 2336 379 2375 1
406 2337 452 2369 29
477 2334 627 2370 flumine
654 2334 700 2369 H
704 2334 756 2378 P,
780 2346 842 2371 em.
862 2335 1015 2379 Hartel;
1039 2338 1086 2380 cf.
1112 2340 1173 2380 10,
1190 2339 1242 2373 23
