1612 2488
166 76 225 118 24
447 75 548 112 IULI
573 74 811 112 FRONTINI
838 73 1267 111 STRATEGEMATON

165 186 319 228 noster
363 184 594 239 exercitus,
645 184 919 226 succiderunt
964 183 1142 227 arbores
1184 183 1264 239 ita,
1313 185 1364 225 ut
1404 186 1530 239 parte

168 244 327 300 exigua
358 245 628 286 sustentatae
661 245 845 297 starent,
882 242 1019 286 donec
1055 242 1387 298 inpellerentur3
1425 242 1528 286 deli-

168 306 346 346 tuerunt
383 302 538 345 deinde
576 302 630 344 ad
668 304 883 345 extremas
927 301 1013 358 ipsi
1049 301 1331 359 ingressoque
1370 301 1528 344 siluam

170 363 296 406 hoste
329 361 464 417 (per)
495 361 717 417 proximas
748 361 978 404 ulteriores
1010 361 1281 417 inpulerant:
1299 391 1302 394 -
1317 375 1368 403 eo
1398 361 1528 404 modo

124 432 144 464 5
171 424 416 478 propagata
446 421 611 477 pariter
642 420 1026 476 supra'Romanos
1052 420 1180 463 ruina
1203 433 1408 477 magnam
1438 433 1529 462 mae-

171 496 275 524 num
307 480 524 523 eliserunt.

172 620 252 657 VII.
290 619 676 663 QUEMADMODUM
696 620 772 664 EA,
793 618 970 663 QUIBUS
990 617 1306 663 DEFICIEMUR,
1325 616 1530 654 VIDEAN-

231 679 332 716 TUR
354 678 461 714 NON
485 678 670 715 DEESSE
698 678 798 715 AUT
824 678 945 715 USUS
971 677 1143 715 EORUM
1167 676 1472 714 EXPLEATUR.

267 778 303 818 1.
335 775 380 818 L.
403 775 616 819 Caecilius
647 775 869 831 Metellus,
902 775 1004 831 quia
1035 789 1116 818 usu
1146 775 1342 829 nauium,
1372 773 1529 830 quibus

105 847 149 880 10
175 835 429 890 elephantos
478 836 818 890 transportaret,
873 834 1172 890 deficiebatur,
1225 833 1368 876 iunxit
1414 832 1532 875 dolia

175 894 503 950 constrauitque
547 894 756 936 tabulatis
801 907 850 936 ac
890 907 1018 949 super
1056 907 1107 936 ea
1148 893 1318 950 positos
1353 906 1432 947 per
1469 890 1532 934 Si-

175 954 319 996 culum
349 953 512 995 fretum
542 953 800 995 transmisit.

264 1013 303 1055 2.
347 1011 586 1066 Hannibal,
630 1027 728 1054 cum
764 1012 812 1053 in
847 1012 1032 1067 praealti
1068 1010 1258 1053 fluminis
1296 1010 1532 1052 transitum

176 1071 434 1126 elephantos
465 1086 553 1113 non
583 1073 732 1126 posset
758 1071 1014 1126 compellere
1032 1084 1112 1113 nec
1137 1070 1317 1112 nauium
1341 1071 1419 1111 aut
1441 1083 1531 1110 ma-

106 1143 149 1175 15
175 1131 400 1185 teriarum,
428 1130 583 1186 quibus
608 1133 726 1172 rates
752 1132 1120 1185 construerentur,
1145 1129 1313 1184 copiam
1337 1127 1533 1183 haberet,

176 1190 305 1232 iussit
335 1189 653 1232 ferocissimum
684 1189 963 1244 elephantum
996 1189 1076 1231 sub
1109 1202 1211 1230 aure
1236 1186 1457 1230 uulnerari
1487 1189 1532 1229 et

178 1263 276 1292 eum
303 1249 374 1303 qui
401 1249 672 1291 uulnerasset
697 1251 870 1291 tranato
892 1248 1040 1290 statim
1064 1247 1240 1289 flumine
1263 1259 1534 1302 procurrere:

178 1308 434 1364 elephantus
476 1310 754 1363 exasperatus
793 1307 847 1350 ad
883 1306 1229 1362 persequendum
1265 1305 1428 1348 doloris
1466 1305 1534 1347 sui

178 1370 399 1410 auctorem
442 1367 637 1409 tranauit
681 1381 852 1409 amnem
896 1369 939 1409 et
980 1366 1160 1421 reliquis
1196 1364 1310 1408 idem
1349 1363 1534 1407 audendi

107 1438 151 1471 20
175 1426 280 1469 fecit
312 1427 564 1481 exemplum.

268 1486 308 1527 3.
340 1483 764 1540 Carthaginiensium
790 1484 918 1527 duces
941 1483 1197 1526 instructuri
1217 1482 1412 1535 classem,
1431 1481 1535 1537 quia

179 1547 328 1600 sparto
368 1544 691 1598 deficiebantur,
733 1543 924 1586 crinibus
954 1546 1181 1586 tonsarum
1217 1541 1448 1584 mulierum
1479 1539 1534 1582 ad

178 1604 304 1646 funes
337 1603 584 1646 efficiendos
616 1603 683 1645 usi
716 1605 826 1645 sunt.

270 1664 328 1716 [4.
358 1662 478 1704 Idem
510 1662 807 1705 Massilienses
840 1664 883 1703 et
914 1660 1076 1703 Rhodii
1106 1660 1330 1712 fecerunt]

108 1735 152 1766 25
270 1722 309 1765 5.
358 1722 415 1764 Μ.
447 1722 663 1764 Antonius
702 1736 728 1763 a
764 1720 933 1763 Mutina
975 1719 1186 1776 profugus
1230 1718 1412 1762 cortices
1453 1731 1533 1772 pro

180 1782 316 1824 scutis
347 1780 560 1823 militibus
594 1781 684 1823 suis
717 1780 845 1822 dedit.

278 1902 295 1932 1
323 1896 558 1932 succiderant
583 1897 607 1932 d
629 1899 634 1942 1
658 1908 702 1932 ex
725 1898 834 1941 parte
859 1895 918 1941 ΡΙ
940 1898 961 1930 2
988 1893 1215 1930 delituerant
1239 1892 1335 1936 ΗΡ,
1360 1902 1452 1928 corr.
1473 1891 1498 1927 d
1525 1891 1530 1936 Ι

179 1949 202 1980 4
226 1954 294 1990 per
318 1944 490 1989 supplem·
513 1943 694 1989 proximis
723 1943 833 1980 Goetz
863 1941 1050 1988 proximas
1076 1941 1116 1976 in
1143 1940 1255 1975 Tenn.
1280 1939 1320 1974 in
1344 1938 1535 1984 proximas

182 1992 273 2028 Oud.
300 1996 303 2033 z
336 1994 357 2026 5
382 1993 622 2036 propugnata
642 1991 702 2026 Η1

277 2042 296 2074 7
310 2037 526 2073 deficiemur
538 2039 672 2082 scripsi
697 2036 942 2073 deficimurH
963 2034 1154 2071 deficimus
1168 2033 1219 2069 P.-
1237 2033 1283 2078 cf.
1293 2033 1414 2079 praef.
1429 2032 1511 2079 §14
1527 2032 1533 2079 Ι

181 2090 202 2122 8
227 2087 271 2122 ut
296 2086 333 2121 P
362 2088 368 2131 Ι
402 2089 422 2120 9
449 2096 537 2120 usus
562 2085 663 2128 ΗΡ,
689 2095 780 2120 corr.
807 2085 833 2120 d
866 2086 871 2129 Ι
906 2087 949 2118 11
975 2081 1158 2118 tabulatis
1183 2080 1242 2124 H,
1266 2081 1328 2115 sed
1352 2093 1369 2116 s
1393 2080 1436 2115 in
1459 2090 1534 2116 ras.

180 2135 341 2170 duarum
366 2133 434 2168 litt.
459 2133 483 2167 h
519 2131 791 2167 tabulamentis
819 2131 881 2176 ΡΙ
916 2133 960 2166 15
986 2129 1288 2165 construerentur
1311 2127 1338 2162 d
1368 2127 1535 2162 conster-

180 2182 357 2218 nerentur
370 2179 416 2215 H
436 2179 714 2214 continerent-ur
736 2179 766 2214 O
772 2178 809 2213 P
832 2177 1116 2214 contexerentur
1132 2175 1224 2211 Oud.
1247 2175 1253 2220 Ι
1274 2174 1413 2210 habere
1427 2173 1510 2210 GH
1527 2173 1534 2221 Ι

182 2233 227 2264 16
254 2228 493 2274 elephantem
518 2226 577 2261 Η1
605 2227 610 2270 Ι
647 2230 689 2261 19
717 2224 895 2261 audiendi
919 2224 965 2260 Η
968 2224 1005 2259 Ρ
1024 2226 1108 2259 ante
1132 2232 1205 2258 ras,
1228 2223 1234 2267 Ι
1268 2225 1312 2256 21
1340 2220 1537 2267 Chai-tagi-

181 2275 352 2314 nensium
377 2274 409 2310 G
438 2273 790 2318 Carthaginensium
815 2273 840 2309 h
874 2274 878 2316 Ι
913 2275 960 2307 24
985 2270 1185 2315 exemplum
1209 2270 1370 2305 alienum
1394 2271 1463 2304 est:
1487 2267 1534 2312 cf.

176 2324 296 2369 praef.
325 2322 352 2369 ἕ
378 2325 402 2358 9
