1612 2488
513 88 659 128 LIBER
680 90 744 127 111„
782 88 886 129 GAP.
912 93 968 127 ιτ.
1331 86 1417 130 113

162 203 203 246 3.
244 202 393 245 Liuius
429 200 672 256 praefectus
708 199 1004 242 Romanorum
1042 211 1185 240 arcem
1221 196 1416 239 Tarenti·

74 275 228 306 norum
269 263 421 304 tenens
463 259 585 302 misit
627 258 683 301 ad
720 257 1037 300 Hasdrubalem
1072 257 1260 313 legatos,
1297 255 1418 298 abire

74 322 141 363 uti
159 321 243 363 sibi
261 319 467 362 incolumi
484 319 652 361 liceret:
682 331 734 359 ea
752 317 1025 359 simulatione
1057 316 1110 358 ad
1142 315 1418 358 securitatem

75 379 331 435 perductum
359 378 528 420 hostem
559 377 785 432 eruptione
815 376 932 418 facta
962 375 1126 417 cecidit.

162 439 206 481 4.
247 436 324 480 Cn.
342 436 572 491 Pompeius
603 435 908 478 circumsessus
941 434 995 476 ad
1013 433 1297 489 Dyrrachium
1327 444 1417 475 non

73 500 245 540 tantum
288 495 512 545 obsidione
555 494 759 537 liberauit
795 507 915 544 suos,
957 506 1109 534 uerum
1146 493 1278 534 etiam
1316 494 1419 547 post

77 556 360 611 eruptionem,
390 565 518 609 quam
550 556 793 608 opportuno
825 555 869 594 et
892 552 987 594 loco
1014 555 1057 593 et
1080 554 1276 606 tempore
1306 550 1419 593 fece-

75 618 162 669 rat,
194 613 420 656 Caesarem
463 611 519 654 ad
555 612 798 665 castellum,
836 610 949 666 quod
981 610 1140 665 duplici
1179 609 1418 652 munitione

76 674 335 715 instructum
364 674 470 726 erat,
500 670 627 713 auide
651 670 968 725 inrumpentem
999 669 1187 711 exterior
1216 670 1309 723 ipse
1341 668 1419 710 cir-

77 731 296 774 cumfusus
327 743 486 773 corona
517 730 740 785 obligauit,
770 733 819 771 ut
849 729 923 770 ille
954 729 1070 770 inter
1101 742 1174 770 eos
1206 741 1313 783 quos
1346 727 1418 769 ob·

78 791 245 833 sidebat
285 791 331 831 et
365 803 437 831 eos
474 789 547 844 qui
585 794 706 830 extra
736 788 1103 830 circumuenerant
1132 787 1299 828 medius
1331 799 1420 828 non

78 850 173 891 leue
202 848 440 904 periculum
471 851 515 889 et
545 847 849 888 detrimentum
882 845 1075 888 senserit.

165 907 207 950 5.
249 907 425 949 Flauius
455 905 648 948 Fimbria
678 906 723 947 in
748 906 857 947 Asia
888 905 1000 960 apud
1033 903 1315 959 Rhyndacum
1347 902 1420 945 ad-

77 979 249 1008 uersum
287 965 426 1007 filium
455 963 737 1018 Mithridatis,
779 963 968 1005 brachiis
1006 964 1061 1005 ab
1100 964 1236 1005 latere
1267 961 1420 1016 ductis,

78 1024 227 1067 deinde
277 1024 395 1066 fossa
435 1024 481 1065 in
522 1022 668 1066 fronte
709 1037 937 1078 percussa,
976 1023 1170 1077 quietum
1211 1022 1259 1063 iu
1301 1021 1418 1063 uallo

78 1083 263 1125 militem
304 1082 465 1137 tenuit,
507 1082 642 1124 donec
680 1081 853 1124 hostilis
886 1082 1101 1136 equitatus
1132 1081 1316 1122 intraret
1347 1094 1419 1121 an-

79 1142 244 1197 gustias
269 1142 651 1183 munimentorum:
682 1144 784 1183 tunc
809 1141 1034 1195 emptione
1060 1140 1176 1182 facta
1200 1153 1275 1181 aex
1299 1139 1422 1181 milia

79 1214 227 1243 eorum
259 1200 425 1243 cecidit.

168 1259 207 1301 6.
244 1258 290 1301 G.
322 1257 481 1301 Caesar
510 1258 557 1299 in
587 1257 747 1312 Gallia,
784 1258 936 1299 deletis
978 1257 1032 1299 ab
1064 1256 1318 1312 Ambiorige
1350 1256 1423 1298 Ti-

78 1317 183 1359 turii
202 1316 354 1359 Sabini
372 1319 415 1358 et
433 1316 587 1359 Cottae
617 1317 861 1372 legatorum
880 1316 1028 1371 copiis,
1058 1330 1156 1358 cum
1187 1331 1213 1358 a
1233 1315 1281 1364 Q.
1308 1314 1423 1357 Cice-

78 1389 204 1430 rone,
246 1376 320 1431 qui
360 1378 404 1417 et
442 1375 535 1430 ipse
571 1375 926 1430 oppugnabatur,
965 1375 1123 1417 certior
1153 1374 1293 1416 factus
1325 1389 1422 1416 cum

80 1434 246 1476 duabus
276 1434 521 1490 legionibus
553 1434 825 1488 aduentam,
856 1434 1073 1476 conuersis
1103 1433 1304 1475 hostibus
1334 1447 1421 1474 me-

79 1499 171 1534 tum
196 1493 417 1535 simulauit
438 1493 683 1548 militesque
708 1493 751 1534 in
778 1492 943 1546 castris,
974 1507 1082 1546 quae
1107 1492 1269 1535 artiora
1294 1491 1423 1534 solito

78 1551 292 1594 industria
326 1551 506 1605 fecerat,
544 1552 694 1593 tenuit.
754 1550 870 1593 Galli
905 1554 1183 1606 praesumpta
1218 1551 1307 1592 iam
1336 1550 1423 1592 uic-

48 1610 195 1667 ¹toria
234 1610 353 1651 uelut
392 1610 445 1651 ad
482 1610 688 1663 praedam
728 1613 969 1652 castrorum
1011 1610 1237 1652 tendentes
1279 1609 1423 1651 fossas

80 1667 245 1722 inplere
277 1671 320 1709 et
349 1669 511 1709 uallum
542 1668 764 1710 detrahere
790 1672 1040 1722 coeperunt:
1071 1683 1154 1723 qua
1185 1682 1231 1709 re
1261 1667 1424 1722 proelio

82 1725 227 1780 (non)
264 1728 435 1780 aptatos
467 1724 626 1768 Caesar
662 1727 818 1768 emisso
855 1729 1028 1781 repente
1065 1726 1251 1781 undique
1288 1725 1426 1767 milite

80 1784 325 1827 trucidauit.

172 1844 210 1884 7.
263 1842 453 1884 Titurius
494 1842 678 1884 Sabinus
721 1843 925 1885 aduersus
968 1841 1191 1885 Gallorum
1233 1843 1426 1898 amplum

83 1901 316 1943 exercitum
348 1901 605 1943 continendo
637 1902 817 1943 militem
848 1902 965 1943 intra
1001 1902 1268 1944 munimenta
1302 1916 1424 1956 prae·

132 2038 140 2045 .
179 1996 199 2027 1
230 1993 357 2028 Liuius
382 1994 461 2029 edd.
494 1992 607 2028 Velus
632 1993 678 2028 H
683 1994 735 2028 P.-
766 1994 811 2037 cf.
833 2004 874 2038 p.
893 1996 955 2037 93,
974 1996 1026 2029 24
1050 1993 1057 2040 Ι
1090 1998 1113 2029 2
1138 1994 1194 2029 uti
1227 1993 1331 2029 abire
1356 1993 1394 2028 P
1418 1993 1424 2039 ἱ

82 2043 104 2074 3
128 2050 169 2074 m
192 2039 370 2076 incolumi
388 2040 432 2075 H
449 2042 455 2085 Ι
486 2044 508 2075 5
534 2040 795 2075 circumsessus
813 2041 840 2076 d
862 2041 1118 2076 circumsessos
1137 2041 1183 2076 H
1187 2042 1224 2076 P
1243 2044 1248 2085 Ι
1272 2045 1292 2076 ’1
1318 2051 1426 2085 erup-

81 2086 186 2122 tione
203 2086 356 2131 Lim-'m
383 2090 388 2131 Ι
421 2091 463 2122 13
489 2086 732 2132 Rhyndacum
751 2088 777 2122 d
806 2088 1015 2123 rinthacum
1035 2087 1081 2122 Η
1099 2088 1334 2123 rhidiuacum
1356 2087 1394 2121 P
1416 2087 1425 2140 l

84 2132 264 2168 aduersus
280 2135 306 2169 d
335 2135 341 2179 Ι
375 2138 420 2169 14
446 2145 469 2169 a
487 2134 526 2169 P
547 2136 553 2179 Ι
589 2138 631 2170 17
657 2136 738 2169 tum
762 2134 855 2170 Ded.
882 2137 888 2178 1
924 2139 968 2171 19
993 2134 1209 2171 abambiore
1233 2133 1313 2180 geti
1337 2134 1429 2168 ituri

83 2179 244 2214 iusabini
257 2181 302 2215 H
321 2181 431 2216 abam
450 2182 614 2226 buorege
632 2181 752 2217 titurii
771 2181 893 2217 sabini
905 2181 949 2225 P,
970 2191 1062 2218 corr.
1082 2183 1162 2218 edd.
1183 2184 1190 2225 Ι
1212 2179 1427 2226 Ambiorige

84 2236 171 2271 rege
195 2227 247 2271 ἀΙ
274 2231 320 2262 20
345 2227 476 2273 quinto
502 2228 589 2262 ΗΡ
619 2232 624 2271 l
664 2232 708 2263 23
734 2229 875 2264 artiora
899 2229 1003 2265 Stcw.
1029 2230 1108 2266 coll.
1135 2229 1235 2264 Caes.
1261 2229 1292 2263 b.
1322 2228 1366 2264 G.
1394 2229 1429 2270 5,

83 2275 144 2316 49,
171 2276 194 2308 7
229 2274 412 2319 ampliora
436 2275 523 2310 ΗΡ
558 2274 776 2319 angustiora
802 2275 895 2312 oud.
928 2279 933 2321 Ι
968 2280 1012 2311 27
1046 2288 1121 2312 11011
1152 2276 1302 2320 aptatos
1333 2275 1428 2310 Ded.

84 2320 162 2355 coll.
178 2331 218 2364 p.
237 2322 301 2364 26,
315 2325 361 2357 13
387 2324 533 2367 aptatos
554 2322 599 2356 H
603 2322 640 2356 P
662 2324 861 2368 occupatos
883 2322 974 2359 Oud-
1002 2323 1193 2368 inparatos
1220 2322 1346 2358 Wasse

154 2384 341 2412 Fnowrntus
360 2387 406 2412 ed.
425 2387 649 2413 Gundermanu.
1124 2385 1145 2416 8

1442 438 1464 474 ὅ

1446 737 1490 768 10

1448 1028 1490 1063 15

1447 1326 1493 1358 20

1448 1620 1495 1651 25

1451 1912 1497 1944 30
