1612 2488
534 98 678 136 LIBER
701 99 748 135 IL
784 97 887 135 CAP.
915 103 971 135 13.
1382 95 1438 139 87

87 211 281 255 euntium
318 223 496 266 agmen,
532 208 579 250 in
627 207 825 263 quintam
870 206 1024 250 horam
1073 205 1286 249 continuit
1334 219 1440 248 suos

87 270 300 325 fidemque
337 268 594 311 statiuorum
630 265 748 309 fecit:
793 280 878 321 qua
913 265 1196 322 persuasione
1233 264 1441 321 digressis

88 329 187 372 inde
215 326 408 380 Parthis,
444 326 607 370 iustum
642 324 726 367 iter
761 325 925 380 reliquo
964 323 1032 368 die
1071 324 1162 367 sine
1193 323 1442 379 interpella-

87 387 208 431 tione
239 385 437 429 confecit.

179 446 218 489 8.
260 444 487 499 Philippus
523 443 571 486 in
599 441 737 497 Epiro
775 442 935 497 uictus,
971 456 1026 484 ne
1063 441 1304 498 fugientem
1342 455 1440 483 eum
1466 451 1487 483 5

89 504 277 547 Romani
311 505 575 559 premerent,
612 501 800 544 indutias
833 500 887 543 ad
919 501 1188 556 sepeliendos
1219 500 1295 556 qui
1326 499 1440 542 caesi

90 565 215 606 erant
255 561 493 618 inpetrauit
541 562 586 604 et
628 559 685 603 ob
735 559 781 602 id
822 559 1142 603 remissioribus
1188 558 1440 602 custodibus

89 622 240 665 euasit.

178 681 217 723 9,
258 680 306 723 Ρ.
331 678 554 735 Claudius,
584 677 732 722 nauali
761 677 927 734 proelio
959 680 1188 732 superatus
1220 691 1246 719 a
1270 676 1441 731 Poenis,

89 754 187 782 cum
216 753 294 795 per
322 737 518 781 hostium
547 736 766 794 praesidia
788 750 964 779 necesse
994 736 1179 778 haberet
1203 749 1440 791 erumpere,
1467 745 1512 778 10

88 799 278 854 reliquas
308 797 465 852 uiginti
489 810 622 839 naues
647 799 872 851 tamquam
897 795 1096 837 uictrices
1122 795 1252 837 iussit
1276 795 1440 838 ornari:

90 860 222 912 atque
252 857 316 899 ita
339 855 497 898 Poenis
529 854 879 897 existimantibus
909 854 1153 909 superiores
1186 853 1317 896 fuisse
1349 853 1440 895 acie

90 918 267 958 nostros
296 914 502 956 terribilis
534 913 729 957 excessit.

182 974 250 1018 10.
279 973 415 1016 Poeni
439 973 576 1016 classe
602 971 813 1027 superati,
844 971 947 1027 quia
975 971 1214 1014 instantem
1245 973 1440 1013 avertere

89 1032 337 1076 Romanum
362 1032 609 1087 studebant,
631 1031 946 1073 simulauerunt
969 1030 1017 1072 in
1040 1030 1153 1073 uada
1176 1044 1312 1073 naues
1338 1044 1439 1072 suas
1468 1040 1512 1072 15

91 1091 297 1139 incidisse
344 1090 650 1145 haerentisque
698 1089 863 1132 imitati
912 1089 1162 1143 effecerunt,
1210 1091 1260 1132 ut
1301 1089 1443 1132 uictor

92 1165 241 1193 eorum
271 1150 430 1192 timens
460 1164 608 1192 casum
639 1149 831 1204 spatium
862 1148 917 1191 ad
948 1148 1220 1191 euadendum
1246 1147 1382 1191 daret.

184 1210 250 1252 11.
281 1207 504 1251 Commius
530 1207 738 1263 Atrabas,
769 1222 867 1250 cum
890 1207 1032 1250 uictus
1059 1222 1085 1249 a
1108 1206 1223 1250 Diuo
1246 1206 1360 1250 Iulio
1389 1220 1442 1249 ex

94 1266 237 1310 Gallia
278 1267 324 1309 in
360 1267 653 1309 Brittanniam
695 1266 865 1322 fugeret
900 1269 943 1309 et
979 1266 1092 1309 forte
1129 1266 1183 1309 ad
1222 1265 1442 1309 Oceanum

92 1329 224 1368 uento
256 1325 428 1382 quidem
458 1325 667 1379 secundo,
703 1325 778 1367 sed
815 1328 937 1368 aestu
973 1325 1196 1368 recedente
1238 1325 1442 1378 uenisset,
1467 1335 1512 1367 20

92 1385 290 1441 quamuis
331 1398 464 1427 naues
506 1385 551 1426 in
599 1384 722 1427 siccis
770 1384 972 1426 litoribus
1019 1384 1262 1439 haererent,
1311 1382 1441 1438 pandi

92 1443 375 1491 nihilominus
417 1443 515 1486 uela
555 1442 704 1489 iussit:
746 1457 855 1498 quae
898 1457 995 1485 cum
1037 1457 1298 1498 persequens
1343 1456 1442 1485 eum

93 1501 254 1545 Caesar
284 1517 335 1544 ex
366 1502 604 1558 longinquo
636 1502 850 1544 tumentia
879 1504 924 1544 et
952 1502 1057 1544 flatu
1090 1502 1219 1557 plena
1249 1502 1442 1556 uidisset,

93 1565 212 1604 ratus
242 1575 448 1615 prospero
481 1561 565 1603 sibi
595 1560 702 1615 eripi
732 1575 859 1604 cursu
894 1561 1085 1603 recessit.

191 1678 213 1710 2
238 1675 423 1720 fidemque
454 1674 676 1711 statiuorum
702 1674 887 1711 Graeuius
915 1676 1029 1711 fidem
1054 1686 1128 1720 quo
1153 1675 1375 1711 statiuorum
1400 1675 1447 1711 H

94 1723 208 1758 fidem
233 1721 525 1757 constatiuorum
552 1722 588 1756 P
619 1724 624 1765 1
658 1722 845 1767 digressus
870 1722 917 1757 H
944 1724 951 1767 Ι
990 1726 1012 1758 3
1036 1722 1134 1758 inter
1158 1723 1204 1758 H
1225 1726 1308 1759 ante
1332 1733 1406 1759 ras·
1435 1725 1439 1762 ἱ

98 1773 141 1805 11
167 1769 258 1805 XX.
284 1768 321 1803 P
344 1768 502 1814 triginta
540 1768 669 1814 Polyb.
702 1771 748 1812 1,
780 1771 847 1812 51,
872 1773 929 1805 11.
973 1769 1083 1804 Eutr.
1109 1771 1147 1813 2,
1171 1771 1231 1806 26.
1275 1769 1375 1806 Oros.
1400 1772 1442 1813 4,

97 1819 165 1860 10,
190 1819 214 1852 3
246 1817 254 1860 1
288 1819 331 1851 15
356 1815 394 1850 in
417 1815 517 1851 uada
540 1815 580 1851 in
604 1816 650 1850 H
678 1817 683 1861 Ι
718 1820 762 1851 18
787 1817 946 1852 Atrebas
978 1817 1057 1852 edd.
1087 1817 1093 1855 ἔ
1120 1816 1233 1852 dinuo
1258 1817 1318 1853 H¹
1351 1819 1356 1861 Ι
1398 1821 1441 1852 19

95 1862 314 1899 brittaniam
339 1863 386 1898 H
402 1866 407 1906 Ι
430 1867 473 1898 21
499 1863 655 1898 haerent
676 1863 722 1898 H
724 1863 734 1883 ¹
756 1866 761 1907 Ι
783 1866 829 1898 24
852 1874 1029 1909 prospere
1053 1864 1091 1899 P
