1612 2488
578 84 726 121 LIBER
748 84 794 120 11.
833 83 934 120 CAP.
962 87 994 120 7.
1403 82 1458 125 75

109 194 508 238 manifestissimam
552 193 716 236 cladem
759 192 938 236 ultionis
983 191 1259 235 simulatione
1295 191 1458 234 uelauit

108 257 153 297 et
182 253 370 296 militum
401 253 569 296 animos
600 252 683 295 hac
713 252 991 308 persuasione
1024 250 1308 294 confirmauit.

196 313 237 356 4.
276 311 440 368 Scipio,
469 326 567 354 cum
592 310 805 367 Syphacis
837 310 971 366 legati
995 310 1248 353 nuntiarent
1276 309 1317 352 ei
1341 309 1457 366 regis

107 372 176 414 sui
211 371 404 426 nomine,
441 370 554 425 (ne)
585 370 743 413 fiducia
773 369 995 413 societatis
1027 370 1118 412 eius
1150 384 1202 411 ex
1234 367 1383 411 Sicilia
1412 368 1458 410 in

106 430 301 473 Africam
338 430 561 484 transiret,
603 430 786 483 ueritus,
827 442 881 470 ne
922 428 1287 471 confunderemur
1324 427 1459 470 animi
1484 437 1506 468 5

108 503 283 532 suorum
325 489 492 532 abscisa
536 488 671 543 (spe)
714 487 966 544 peregrinae
1011 487 1250 542 societatis,
1293 486 1458 529 dimisit

107 547 350 604 pro<pe>re
386 546 554 603 legatos
586 550 631 589 et
660 546 824 589 famam
863 546 1051 602 diffudit,
1086 549 1310 602 tamquam
1341 545 1458 588 ultro

108 622 135 650 a
165 606 359 662 Syphace
389 609 690 649 accerseretur.

196 665 238 709 5.
286 664 335 715 Q.
366 664 599 717 Sertorius,
642 679 740 708 cum
783 664 873 707 acie
914 664 1170 717 decertaret,
1214 663 1458 717 barbarum,

109 725 183 780 qui
208 725 247 766 ei
270 724 549 767 nuntiauerat
573 723 839 766 Hirtuleium
864 724 1038 778 perisse,
1056 723 1246 778 pugione
1271 722 1457 773 traiecit,
1484 732 1528 764 10

106 797 161 826 ne
186 786 229 826 et
251 783 299 825 in
323 783 507 825 aliorum
531 782 577 824 id
601 782 803 825 notitiam
830 782 1040 837 perferret
1065 784 1109 823 et
1134 782 1189 824 ob
1214 782 1296 823 hoc
1323 781 1458 822 animi

110 857 286 885 suorum
316 841 646 884 infirmarentur.

198 901 237 943 6.
269 899 516 943 Alcibiades
537 899 828 953 Atheniensis,
847 913 944 942 cum
964 898 1078 953 (ab)
1093 898 1313 953 Abydenis
1334 912 1456 952 proe-

109 960 168 1002 lio
199 962 455 1014 urgueretur
486 959 714 1014 subitoque
749 971 906 1014 magno
938 972 1064 1000 cursu
1096 957 1267 999 tristem
1300 957 1456 999 aduen-

107 1021 203 1060 tare
255 1017 632 1060 animaduertisset
685 1017 980 1071 tabellarium,
1035 1016 1257 1071 prohibuit
1310 1016 1457 1071 palam
1484 1026 1529 1058 15

108 1077 266 1131 dicere,
310 1076 415 1131 quid
458 1077 657 1119 adferret.
719 1076 871 1118 dehinc
915 1079 1080 1118 secreto
1122 1075 1387 1129 sciscitatus,
1432 1089 1457 1117 a

109 1135 389 1178 Pharnabazo
426 1135 547 1191 regio
585 1135 804 1190 praefecto
842 1135 1023 1177 classem
1058 1149 1180 1176 suam
1212 1134 1458 1189 oppugnari

110 1194 262 1237 celatis
288 1196 334 1236 et
356 1194 554 1236 hostibus
586 1197 630 1236 et
659 1194 869 1236 militibus
900 1194 1113 1249 proelium
1142 1193 1255 1235 finiit
1287 1207 1336 1235 ac
1361 1207 1457 1248 pro-

108 1253 227 1295 tinus
259 1252 312 1294 ad
345 1253 607 1308 eripiendam
645 1253 826 1295 classem
851 1253 978 1295 ducto
1016 1251 1202 1294 exercitu
1234 1266 1360 1307 opem
1390 1254 1458 1293 tu·

107 1312 163 1354 lit
194 1311 295 1353 suis.
1484 1320 1530 1352 2ο

200 1371 238 1412 ’7.
287 1369 576 1412 Hannibalem
619 1370 863 1412 uenientem
906 1370 951 1411 in
988 1369 1164 1411 Italiam
1206 1369 1293 1411 tria
1336 1369 1460 1411 milia

109 1428 454 1484 Carpetanorum
485 1428 768 1483 reliquerunt:
801 1443 908 1484 quos
939 1429 1014 1470 ille
1028 1462 1039 1483 ,
1082 1429 1277 1483 exemplo
1320 1442 1374 1469 ne
1418 1431 1460 1469 et

110 1487 243 1530 ceteri
267 1490 562 1542 mouerentur,
590 1487 723 1529 edixit
748 1502 774 1529 a
799 1501 844 1530 se
870 1502 964 1529 esse
990 1487 1190 1530 dimissos
1217 1490 1261 1529 et
1283 1486 1461 1542 insuper

110 1546 156 1587 in
197 1546 325 1588 fidem
367 1546 458 1588 eius
503 1547 565 1588 rei
608 1561 768 1601 paucos
818 1546 1065 1588 lenissimae
1109 1560 1266 1601 operae
1309 1545 1460 1588 domos

109 1605 288 1646 remisit.
1483 1613 1530 1646 25

50 1667 55 1670 ’
178 1663 239 1705 -8,
294 1662 340 1704 L.
374 1662 594 1717 Lucullus,
642 1677 736 1705 cum
782 1663 1158 1705 animaduertisset
1198 1662 1458 1704 Macedonas

108 1721 296 1776 equites,
333 1735 439 1776 quos
476 1722 522 1762 in
553 1721 711 1763 auxilio
742 1720 950 1776 habebat,
987 1722 1130 1763 subito
1162 1735 1371 1763 consensu
1404 1721 1458 1763 ad

206 1852 227 1883 2
254 1859 298 1883 ac
316 1848 362 1883 H
365 1848 375 1867 ¹
397 1849 403 1892 Ι
424 1847 679 1893 persuassione
693 1848 739 1882 H
757 1851 761 1888 Ι
784 1852 804 1883 3
830 1859 868 1883 se
892 1847 1048 1892 yphacis
1062 1848 1108 1883 H
1111 1848 1122 1868 ¹
1142 1850 1147 1891 1
1170 1848 1358 1884 nuntiauit
1369 1848 1428 1883 H¹
1448 1848 1455 1899 Ι

111 1898 136 1929 4
159 1905 206 1930 ne
230 1896 315 1931 add.
335 1895 359 1931 d
382 1897 386 1940 Ι
421 1905 464 1930 ex
492 1895 580 1941 Sic.]
607 1893 718 1929 exilia
742 1895 787 1930 H
799 1895 810 1915 ¹
835 1895 974 1930 auxilia
998 1896 1021 1930 h
1059 1895 1065 1941 Ι
1105 1899 1126 1930 5
1151 1895 1351 1931 transirent
1375 1895 1422 1930 H
1451 1902 1455 1941 j

110 1945 136 1976 6
161 1953 227 1987 spe
252 1943 336 1978 add.
364 1942 503 1978 Zechm.
527 1943 533 1987 Ι
565 1941 783 1986 peregrinae
806 1953 851 1977 ex
875 1941 1048 1987 peregiae
1073 1942 1116 1976 H
1142 1943 1147 1985 Ι
1179 1942 1378 1987 peregrina
1403 1954 1459 1978 so-

114 1988 251 2024 cietate
271 1989 310 2024 P
326 1991 332 2033 Ι
355 1993 374 2024 ’1
394 1999 551 2034 propere
570 1989 715 2034 legatos
736 1989 861 2024 Mod:
886 1990 932 2032 ef.
952 1988 1040 2025 Liu.
1053 1991 1115 2033 29,
1128 1992 1179 2026 24
1202 1989 1458 2035 prorelegatos

114 2036 196 2079 (-tis
209 2036 248 2079 h)
274 2036 381 2080 ΗΡΙ
403 2040 424 2071 8
450 2036 699 2071 accerseretur
723 2037 746 2070 h
772 2040 1020 2071 accesseretur
1038 2036 1096 2071 H¹
1122 2035 1367 2072 accessiretur
1390 2037 1428 2071 P
1450 2037 1455 2083 Ι

116 2085 160 2116 10
185 2081 412 2126 hyrtuleium
430 2083 498 2121 ΗΙ
522 2086 565 2117 11
586 2081 624 2117 id
644 2083 668 2117 h
691 2081 740 2117 ad
765 2082 896 2126 H¹P1
920 2087 962 2118 13
989 2083 1037 2118 ab
1062 2084 1147 2119 add.
1173 2084 1251 2119 edd.
1275 2088 1279 2123 Ι
1303 2088 1348 2118 14
1374 2084 1458 2118 sub·

111 2128 167 2163 ito
192 2138 302 2172 quem
327 2140 436 2164 cursu
460 2129 518 2164 H¹
552 2133 557 2170 Ι
594 2133 636 2164 15
661 2129 886 2165 tabellorum
910 2129 970 2164 Η1
997 2132 1002 2175 Ι
1032 2133 1074 2165 16
1100 2130 1186 2166 dein
1213 2131 1250 2165 P
1269 2130 1274 2176 Ι
1297 2131 1458 2166 secretos

114 2174 324 2210 sciscitatos
348 2176 395 2210 H
419 2178 423 2220 Ι
448 2179 491 2212 18
515 2175 612 2211 finiit
635 2177 661 2211 d
684 2175 768 2211 finit
792 2176 900 2219 ΗΡΙ
921 2177 981 2223 ac]
1007 2187 1030 2211 a
1053 2177 1112 2212 Η1
1134 2177 1139 2223 l
1162 2181 1206 2212 22
1233 2178 1458 2222 Carpetano-

113 2232 196 2256 rum
222 2222 379 2258 C'asaub.
405 2224 483 2258 coll.
510 2223 598 2258 Liu.
618 2226 681 2265 21,
701 2226 752 2259 23
777 2225 1047 2268 carpentarium
1074 2225 1119 2259 H
1140 2225 1458 2268 carpentariorum

116 2268 154 2303 P
182 2269 188 2313 Ι
218 2269 474 2313 relinquerunt
498 2269 557 2304 H¹
590 2272 596 2314 Ι
632 2281 723 2314 quos
746 2271 771 2305 d
795 2281 868 2315 quo
894 2271 935 2305 H
958 2273 1055 2315 quod
1080 2271 1116 2306 P
1150 2275 1154 2314 Ι
1195 2274 1240 2305 23
1266 2270 1394 2306 eduxit
1419 2271 1464 2306 H

109 2319 199 2351 ante
222 2326 294 2351 ras.
328 2319 334 2359 1
369 2319 415 2352 26
440 2316 662 2352 macedones
686 2317 731 2352 h-
