1612 2488
145 752 188 784 10

145 1045 188 1078 15

145 1341 190 1375 20

148 1636 193 1668 25

212 98 298 141 120
483 98 585 134 IULI
609 98 848 139 FRONTINI
873 98 1308 139 STRATEGEMATON

210 210 299 250 tres
332 207 550 259 cohortes,
589 222 698 263 quae
736 208 790 250 ad
827 209 1055 251 castellum
1087 209 1221 254 Initia
1249 209 1447 254 hostibus
1479 225 1567 254 ces-

213 269 384 322 serant,
429 269 552 309 extra
589 267 751 308 uallum
795 267 924 310 iussit
966 268 1170 324 tendere,
1211 269 1346 314 donec
1388 269 1568 315 adsiduo

211 326 361 370 labore
412 328 456 368 et
503 327 722 381 prosperis
772 326 1096 373 excursionibus
1145 328 1405 373 redimerent
1445 329 1567 385 igno-

214 400 406 430 mmlam.

304 444 374 488 22.
418 443 623 486 Aurelius
661 442 789 487 Cotta
827 445 995 499 consul,
1039 459 1134 490 cum
1167 446 1222 490 ad
1263 461 1371 502 opus
1402 447 1568 502 equites

212 503 474 546 necessitate
512 505 694 559 cogente
731 503 930 546 iussisset
970 504 1171 549 accedere
1203 520 1436 561 eorumque
1467 520 1569 560 pars

213 563 502 606 detractasset
532 563 783 617 imperium,
821 565 998 618 questus
1038 564 1151 619 apud
1184 579 1384 610 censores
1416 565 1570 617 effecit,

214 624 263 664 ut
286 624 561 676 notarentur3
594 636 620 663 a
644 621 843 676 patribus
868 622 1020 667 deinde
1047 623 1249 679 obtinuit,
1278 639 1333 669 ne
1358 624 1420 669 eis
1451 638 1570 679 prae·

214 681 347 724 terita
367 695 468 723 aera
487 680 784 736 procederent3
814 681 979 724 tribuni
999 696 1168 738 quoque
1192 683 1331 738 plebis
1351 683 1403 727 de
1422 683 1571 728 eadem

214 754 260 782 re
293 740 347 782 ad
378 741 585 795 populum
618 740 891 795 pertulerunt
928 742 1204 797 omniumque
1241 756 1452 788 consensu
1484 744 1571 788 sta-

215 800 343 843 bilita
375 799 603 854 disciplina
634 802 710 842 est.

305 859 374 903 23.
415 858 464 908 Q.
495 858 695 901 Metellus
728 857 1031 905 Macedonicus
1062 860 1107 902 in
1137 859 1354 915 Hispania
1384 860 1571 917 quinque

215 917 427 972 cohortes,
459 932 567 973 quae
598 917 798 960 hostibus
832 920 1060 974 cesserant,
1090 921 1400 964 testamentum
1429 918 1572 965 facere

214 977 356 1019 iussas
389 977 442 1019 ad
480 977 622 1019 locum
665 977 992 1031 reciperandum
1035 978 1224 1034 remisit,
1261 979 1451 1023 minatus
1481 992 1571 1023 non

214 1036 298 1078 nisi
330 1039 431 1091 post
461 1036 690 1078 uictoriam
721 1039 942 1091 receptum
973 1037 1038 1080 iri.

306 1096 375 1138 24.
419 1094 465 1138 Ρ.
496 1095 672 1138 Valerio
713 1096 880 1138 consuli
918 1099 1093 1139 senatus
1129 1096 1369 1152 praecepit,
1413 1097 1572 1141 exerci-

215 1157 308 1197 tum
342 1154 395 1196 ad
428 1152 557 1196 Sirim
589 1154 752 1196 uictum
794 1154 947 1197 ducere
980 1153 1213 1210 Saepinum
1250 1155 1397 1210 ibique
1427 1158 1574 1199 castra

216 1213 385 1255 munire
418 1216 461 1256 et
491 1213 677 1256 hiemem
709 1214 789 1255 sub
820 1214 1020 1256 tentoriis
1053 1214 1234 1269 exigere.

305 1272 408 1314 24a.
459 1271 666 1326 Senatus,
716 1287 812 1317 cum
861 1273 1047 1327 turpiter
1088 1272 1230 1328 fugati
1272 1273 1362 1316 eius
1407 1271 1573 1318 milites

217 1334 379 1386 essent,
417 1331 626 1384 decreuit,
668 1346 722 1373 ne
761 1332 922 1375 auxilia
953 1331 1014 1374 eis
1053 1332 1445 1387 summitterentur,
1485 1330 1573 1373 nisi

217 1391 355 1446 captis
388 1391 479 1433 eius
509 1388 536 1442 ἓ
555 1390 578 1415 *
597 1389 624 1416 *

306 1450 375 1492 25.
414 1450 689 1504 Legioffibus,
721 1464 830 1504 quae
850 1449 1012 1492 Punico
1039 1450 1154 1494 bello
1178 1450 1381 1496 militiam
1406 1449 1575 1493 detrae-

216 1511 432 1562 tauerant‚
463 1509 509 1550 in
530 1507 721 1551 Siciliam
747 1508 867 1550 uelut
892 1509 1096 1564 relegatis
1127 1523 1206 1564 per
1237 1511 1403 1564 septem
1435 1521 1573 1551 annos

216 1567 428 1611 hordeum
460 1582 511 1609 ex
544 1570 719 1610 senatus
751 1567 947 1610 consulto
980 1568 1130 1610 datum
1162 1570 1240 1610 est.

309 1627 378 1669 26.
422 1626 467 1669 L.
500 1626 601 1669 Piso
635 1625 679 1669 C.
711 1625 876 1669 Titium
907 1626 1174 1681 praefectum
1205 1625 1417 1681 cohortis,
1458 1624 1574 1681 quod

293 1736 311 1766 1
339 1730 449 1766 initia
464 1731 551 1767 GH
571 1730 680 1766 initio
695 1731 733 1766 P
754 1742 835 1766 cum
862 1730 997 1766 Paccio
1020 1731 1112 1766 Oud.
1137 1731 1213 1766 coll.
1238 1730 1321 1767 Tac.
1341 1741 1429 1769 ann.
1450 1732 1511 1774 13,
1524 1731 1573 1765 36

219 1779 258 1814 in
278 1777 358 1814 acie
378 1778 568 1814 Herelius:
592 1779 655 1814 scd
672 1789 801 1813 nomen
820 1779 959 1814 castelli
983 1779 1104 1821 latere,
1129 1779 1163 1813 si
1181 1777 1286 1813 modo
1304 1788 1380 1813 uox
1397 1780 1573 1822 corrupta

219 1829 282 1868 est,
298 1830 433 1861 certum
451 1826 600 1861 uidetur
621 1825 627 1871 Ι
650 1830 670 1860 5
688 1825 731 1860 A.
748 1824 910 1861 aurelius
928 1825 972 1860 H
980 1825 991 1845 ¹
1013 1825 1019 1872 Ι
1042 1829 1061 1860 7
1078 1825 1322 1860 detrectasset
1338 1824 1406 1860 121²
1422 1825 1429 1869 Ι
1452 1827 1497 1858 14
1515 1834 1572 1858 re-

220 1872 471 1918 cuperandum
498 1873 589 1916 ῙιΡι
614 1877 656 1907 16
683 1873 824 1908 ualerio
847 1873 923 1916 (sed
947 1885 972 1908 u
995 1872 1261 1917 superscripta)
1281 1871 1326 1906 H
1342 1873 1348 1915 Ι
1371 1875 1416 1907 17
1442 1869 1573 1916 Saepi-

219 1931 308 1954 num
327 1921 462 1964 scripsi
478 1921 640 1955 serinum
656 1920 735 1955 GH
741 1920 777 1954 P
794 1921 941 1955 firmum
955 1920 980 1955 d
997 1919 1037 1955 in
1051 1919 1242 1956 Samnium
1255 1918 1423 1957 Niebuhr
1431 1917 1572 1960 (Boem-

224 1967 346 2003 Gesclz.
373 1969 409 2010 3,
436 1970 524 2011 534)
554 1967 602 2002 ad
629 1967 869 2003 Ferentinum
893 1967 1001 2011 idem,
1032 1967 1095 2003 cui
1119 1966 1378 2002 adsentiuntur
1402 1965 1574 2011 Droysm

220 2014 363 2056 (Gesch.
377 2015 438 2049 des
451 2014 550 2050 Hell.
565 2015 649 2049 III
666 2014 716 2056 1²,
731 2017 820 2058 148)
841 2018 874 2050 et
892 2014 942 2049 W
940 2014 1126 2051 achsmuth
1146 2012 1187 2048 in
1202 2011 1370 2048 Setinum
1385 2011 1568 2058 Scheliusl

221 2060 360 2106 ubique
381 2061 425 2097 H
443 2064 448 2104 ι
473 2065 515 2096 18
543 2062 692 2097 hiemen
712 2061 745 2097 G
767 2062 772 2106 Ι
797 2065 839 2097 19
864 2062 930 2098 hoc
949 2062 1149 2106 exemplum
1169 2060 1295 2096 misere
1319 2062 1531 2104 corruptum
1549 2070 1574 2094 a

215 2109 399 2154 proximis
423 2119 499 2144 ‘non
524 2109 759 2155 distinquunt
783 2109 922 2145 codices
949 2110 954 2154 Ι
982 2108 1078 2154 eius]
1110 2106 1276 2143 eiusdem
1308 2109 1511 2151 exspectas,
1539 2105 1574 2141 si

221 2157 271 2193 ad
288 2155 472 2192 Valerium
496 2157 651 2199 refertur
674 2162 677 2188 ῑ
701 2160 747 2191 20
773 2156 826 2192 eis
847 2155 927 2191 GH
948 2155 982 2191 ei
1001 2155 1060 2199 ΡΙ
1082 2158 1125 2190 21
1147 2154 1225 2190 eius
1244 2157 1417 2198 temptare
1440 2153 1573 2190 nolim.-

214 2204 332 2248 plwra
362 2204 574 2239 exciderunt
602 2204 607 2247 l
635 2202 709 2238 nisi
735 2203 855 2248 captis
882 2204 922 2238 et
945 2201 1055 2238 uictis
1087 2200 1268 2237 hostibus.
1319 2199 1383 2236 Eis
1413 2199 1572 2247 legioni·

222 2250 292 2286 bus
311 2251 336 2286 d
357 2252 362 2295 Ι
386 2254 430 2285 22
452 2249 753 2285 detrectauerant
771 2251 795 2285 h
816 2252 821 2294 Ι
844 2254 888 2285 23
908 2248 1077 2294 religatis
1094 2249 1161 2284 hP
1179 2249 1185 2293 1
1208 2247 1298 2284 ‚VIL
1317 2246 1352 2283 G
1373 2249 1378 2293 ξ
1400 2251 1445 2283 25
1470 2245 1574 2292 pisso

220 2297 443 2379 ἐξὶῌιῃῦὲιό.
465 2297 552 2332 ΗΡ
569 2300 666 2333 cons.
689 2297 722 2332 G
748 2298 874 2333 consul
904 2296 941 2332 C.
962 2297 1055 2332 Ded.
1075 2297 1152 2331 coll.
1172 2295 1252 2331 Vaz.
1275 2295 1383 2331 Max.
1404 2297 1443 2339 2,
1463 2297 1499 2338 7,
1519 2296 1544 2329 9
1564 2293 1569 2340 Ι
