1612 2488
578 139 724 175 LIBER.
746 139 793 175 H.
830 138 933 175 CAP.
958 142 992 173 4.
1402 135 1458 178 57

114 265 186 294 sus
204 249 426 293 Romanos
447 249 598 292 eodem
621 247 749 291 modo
775 246 1017 303 elephantis
1043 245 1097 288 ad
1121 243 1461 301 perturbandam

113 309 248 353 aciem
278 323 381 352 usus
414 311 491 351 est.

203 369 291 422 [14.
333 367 468 410 Poeni
506 380 673 422 quoque
711 364 916 408 aduersus
954 363 1174 406 Romanos
1211 362 1463 418 frequenter

111 427 227 470 idem
255 426 464 469 fecerunt.

204 485 270 528 15.
289 484 547 528 Volscorum
567 485 711 526 castra
737 497 834 525 cum
860 495 994 538 prope
1011 482 1095 537 (a)
1109 480 1311 536 uirgultis
1332 480 1461 522 silua-

114 559 196 600 que
220 544 366 600 posita
389 546 551 598 essent,
570 541 781 584 Camillus
807 555 858 584 ea
882 541 1045 596 omnia,
1070 555 1179 596 quae
1204 542 1463 594 conceptum

113 604 259 670 ignem
290 615 424 658 usque
453 602 500 644 in
529 601 694 644 uallum
724 600 915 656 perferre
945 601 1163 655 poterant,
1198 598 1390 642 incendit
1420 601 1462 640 et

114 663 178 705 sic
207 661 478 704 aduersarios
508 660 626 702 exuit
656 660 822 702 castris.

204 721 272 764 16.
301 720 349 762 P.
369 718 550 762 Crassus
571 719 688 761 bello
714 718 864 761 sociali
885 716 1034 760 eodem
1053 716 1180 759 modo
1205 730 1340 772 prope
1365 730 1462 758 cum

115 779 251 835 copiis
282 779 483 822 omnibus
513 779 778 832 interceptus
810 778 906 830 est]

206 838 274 880 17.
317 836 505 892 Hispani
548 839 697 879 contra
738 835 1032 878 Hamilcarem
1075 835 1209 877 boues
1252 833 1463 876 uehiculis

116 896 340 939 adiunctos
382 897 430 938 in
469 895 609 950 prima
644 894 788 937 fronte
826 894 1146 936 constituerunt
1182 892 1465 948 uehiculaque

114 955 240 998 tedae
270 957 316 996 et
345 954 438 997 sebi
470 956 514 996 et
547 953 767 1009 sulphuris
797 953 946 1008 plena,
983 953 1109 1008 signo
1146 965 1319 1008 pugnae
1350 951 1464 1006 dato,

115 1013 415 1056 incenderunt:
458 1013 566 1055 actis
609 1012 762 1054 deinde
803 1012 851 1054 in
886 1011 1059 1054 hostem
1095 1011 1237 1053 bubus
1274 1013 1464 1053 conster-

115 1075 264 1115 natam
294 1072 431 1114 aciem
459 1074 755 1126 perruperunt.

208 1131 275 1175 18.
313 1130 474 1173 Falisci
505 1133 549 1172 et
577 1129 928 1184 Tarquinienses,
960 1129 1255 1183 compluribus
1288 1142 1464 1170 suorum

115 1190 161 1232 in
203 1190 402 1233 habitum
442 1189 711 1231 sacerdotum
749 1188 1015 1251 subornatis,
1056 1187 1172 1230 faces
1216 1190 1260 1229 et
1303 1201 1465 1243 angues

116 1249 264 1291 furiali
299 1248 454 1290 habitu
472 1247 842 1302 praeferentibus,
880 1231 1016 1289 aciem
1046 1246 1344 1289 Romanorum
1374 1249 1467 1288 tur-

117 1307 343 1351 bauerunt.

209 1366 298 1419 [19.
339 1364 459 1407 Idem
489 1364 691 1407 Veientes
730 1368 774 1407 et-
809 1364 1037 1406 Fidenates
1073 1364 1239 1407 facibus
1278 1363 1466 1418 adreptis

118 1424 341 1477 fecerunt]

156 1489 158 1491 ’
208 1483 278 1525 20.
308 1482 475 1524 Atheas
506 1496 582 1524 rex
613 1481 885 1537 Scytharum,
916 1495 1014 1523 cum
1046 1481 1254 1523 aduersus
1287 1481 1466 1536 amplio-

118 1556 210 1584 rem
228 1541 518 1583 Triballorum
544 1541 777 1583 exercitum
802 1541 1066 1596 confligeret,
1090 1540 1218 1582 iussit
1242 1555 1269 1582 a
1292 1539 1467 1582 feminis

118 1601 347 1655 puerisque
383 1602 427 1641 et
462 1600 580 1641 omni
616 1599 767 1642 inbelli
803 1600 933 1641 turba
969 1612 1123 1655 greges
1160 1599 1381 1641 asinorum
1418 1613 1467 1641 ac

56 1672 61 1675 ·
102 1659 252 1711 ,boum
270 1658 325 1700 ad
348 1660 613 1712 postremam
631 1658 824 1700 hostium
844 1658 981 1701 aciem
1000 1658 1222 1699 admoueri
1240 1660 1284 1699 et
1302 1660 1467 1699 erectas

119 1716 270 1758 hastas
295 1716 521 1771 praeferri3
546 1715 708 1758 famam
727 1716 879 1758 deinde
899 1716 1082 1770 diffudit,
1105 1718 1329 1771 tamquam
1349 1716 1467 1757 auxi-

120 1775 181 1816 lia
217 1774 301 1816 sibi
332 1774 386 1816 ab
418 1774 694 1816 ulterioribus
727 1773 897 1829 Scythis
935 1774 1236 1816 aduentarent:
1275 1789 1360 1829 qua
1397 1774 1467 1815 ad-

123 1833 390 1876 seueratione
421 1833 579 1874 auertit
608 1832 790 1875 hostem.

216 1952 239 1984 3
269 1949 469 1993 exemplum
500 1949 678 1983 alienum:
709 1948 754 1991 cf.
781 1947 956 1994 praef.§
980 1951 1004 1984 9
1036 1951 1043 1989 1
1083 1951 1104 1983 5
1135 1948 1298 1994 exmpla
1322 1951 1468 1984 15—16

121 1997 389 2078 ἓεῙῖ-ἵῗῖωὲ
409 1947 1217 2088 ⁷9⁴314ss⁶15ffififi13512²p⁰¹st⁸⁸f>ff¹13fl⁶d
1235 1996 1466 2076 “⁴²1340'

122 2089 164 2123 in
186 2053 343 2134 σηιθῑὲηἶί
363 2042 533 2125 διιὼιιε]
506 2090 532 2125 d
552 2092 558 2133 Ι
582 2092 626 2124 16
651 2043 733 2124 edm
734 2052 978 2134 pluribusmlzlss
995 2093 1038 2125 1⁷
1057 2047 1111 2124 ¹isi¹
1125 2053 1317 2125 hassffi}
1336 2044 1469 2125 halbilrss

122 2135 246 2172 Stena..-
269 2136 330 2172 sed
352 2136 400 2180 cf.
419 2138 456 2179 3,
474 2139 514 2179 2,
530 2139 575 2171 11
599 2137 605 2180 1
632 2134 670 2170 in
696 2135 867 2170 habitum
890 2139 924 2171 et
948 2135 1157 2172 subornatis
1181 2140 1347 2181 &aspecta
1363 2136 1470 2171 habet

125 2177 218 2217 Oud.
242 2183 320 2219 coll.
339 2182 428 2218 Liu.
449 2185 483 2226 7,
496 2186 555 2226 17,
573 2185 597 2218 3
619 2184 625 2227 Ι
646 2182 866 2218 subornatos
890 2182 936 2218 H
951 2183 959 2227 Ι
987 2187 1032 2219 18
1056 2183 1301 2218 referentibus
1326 2182 1373 2218 H
1388 2184 1394 2226 Ι
1422 2186 1468 2218 20

124 2229 322 2274 amplum
339 2230 519 2265 alienum:
541 2230 589 2273 cf.
606 2229 724 2274 praef.
743 2228 771 2275 §
788 2232 812 2265 9
834 2230 840 2274 Ι
860 2229 1054 2266 uehientes
1073 2230 1162 2266 ΗΡ
1181 2231 1186 2273 Ι
1208 2233 1252 2264 21
1273 2229 1399 2265 ferunt
1416 2230 1440 2264 h
1461 2230 1466 2275 Ι

125 2278 169 2310 22
194 2276 333 2311 Aethes
359 2275 439 2311 GH
470 2275 584 2312 Aetes
609 2276 655 2319 P,
679 2286 772 2312 corr.
797 2276 876 2312 edd.
910 2278 917 2320 Ι
950 2276 1205 2322 sehytharium
1232 2276 1279 2311 H
1302 2278 1308 2321 Ι
1343 2280 1390 2312 24
1413 2276 1470 2312 in·

122 2322 224 2358 bello
248 2322 295 2358 H
318 2324 324 2366 Ι
356 2323 481 2369 gregis
506 2323 552 2358 H
574 2325 581 2367 Ι
614 2326 659 2359 25
683 2322 824 2358 bouum
848 2323 908 2358 Η1
935 2324 941 2369 Ι
974 2328 1020 2360 26
1045 2323 1232 2368 praeferre
1258 2323 1352 2367 ΗΡ,
1376 2334 1468 2360 corr.

130 2368 222 2405 Oua.
251 2369 257 2415 1
290 2373 335 2405 27
360 2369 509 2415 chythis
533 2370 591 2406 ,Η1
629 2368 798 2414 schythis
822 2370 846 2406 h
873 2374 878 2414 Ι
912 2370 1001 2414 quia
1023 2371 1082 2406 ,ΗἸ

1491 787 1535 819 10

1492 1080 1536 1113 15

1490 1375 1536 1406 20

1492 1668 1538 1700 25
