1612 2488
525 99 670 136 LIBER
693 100 722 135 1.
761 100 863 137 CAP.
889 105 994 137 4—5.
1378 103 1435 145 15

87 208 376 264 appellantur,
406 208 736 265 transnauigare
766 212 945 264 propter
969 209 1302 253 Atheniensium
1328 212 1434 254 clas-

87 281 191 321 sem,
242 281 322 309 uae
347 268 720 322 opportunitatem
746 267 830 310 loci
855 268 1139 324 custodiebat,
1162 284 1251 311 non
1274 274 1434 325 posset,

84 326 167 427 1⁸3?
169 282 420 439 {ziqffl
423 325 1433 441 ἶῗῖπῖἓὲἓῗῗᾓζὲἒέἒέἒῖθόἕῃῗξὲᾶἶᾏὲἒὲῗξ

85 458 193 498 quae
230 447 282 485 ut
317 443 527 499 epistulae
562 444 920 499 interciperentur
963 445 1018 487 ab
1059 446 1204 501 hoste,
1246 448 1432 490 curauit:

84 502 391 556 Athenienses,
429 517 588 545 arcana
618 502 903 546 Macedonum
937 505 1155 559 excepisse
1186 504 1287 559 uisi,
1324 506 1432 548 clas-

85 575 176 603 sem
207 561 495 617 abduxerunt3
527 561 756 617 Philippus
780 563 904 605 nullo
928 563 1183 618 prohibente
1210 566 1433 620 angustias

83 619 186 661 freti
214 619 428 663 liberauit.

177 679 271 721 1322.
301 678 436 733 Idem,
453 679 554 734 quia
573 677 925 736 Cherronessum,
945 695 1054 735 quae
1072 682 1179 723 iuris
1200 682 1432 725 Athenien-

83 737 198 779 sium
217 739 322 791 erat,
346 752 555 793 occupare
579 738 900 792 prohibebatur,
925 740 1175 783 tenentibus
1200 742 1431 784 transitum

82 810 172 838 non
200 795 508 851 Byzantiorum
545 800 736 852 tantum,
773 798 848 840 sed
878 797 1147 841 Rhodiorum
1183 815 1351 855 quoque
1389 804 1433 843 et

84 852 291 897 Chiorum
321 855 523 908 nauibus,
554 856 803 898 conciliauit
833 857 1000 899 animos
1033 872 1182 900 eorum
1212 859 1430 902 reddendo

82 927 230 964 naues,
247 927 355 968 quas
371 916 557 969 ceperat,
574 915 697 969 quasi
717 918 957 970 sequestres
977 915 1147 959 futuros
1168 918 1431 960 ordinandae

82 971 203 1026 pacis
233 972 347 1014 inter
376 986 421 1014 se
446 975 576 1027 atque
601 972 857 1029 Byzantios,
889 975 962 1029 qui
994 990 1125 1018 eausa
1154 976 1259 1018 belli
1289 980 1430 1019 erant:

82 1032 308 1086 tractaque
336 1045 416 1085 per
444 1045 649 1087 magnum
686 1036 856 1088 tempus
893 1034 1205 1090 postulatione,
1248 1051 1345 1078 cum
1377 1036 1428 1078 de

81 1088 295 1131 industria
337 1089 518 1131 subinde
561 1091 723 1146 ahquid
763 1092 808 1133 in
846 1092 1167 1136 condicionibus
1204 1098 1429 1148 retexeret,

82 1148 264 1189 classem
293 1162 372 1203 per
400 1148 445 1190 id
474 1151 646 1204 tempus
671 1151 948 1205 praeparauit
973 1166 1106 1207 eaque
1130 1153 1176 1194 in
1203 1155 1428 1209 angustias

81 1206 181 1248 freti
209 1207 409 1261 inparato
440 1207 564 1249 hoste
596 1209 764 1251 subitus
796 1211 945 1252 euasit,

172 1265 240 1308 14.
280 1263 489 1308 Chabrias
526 1266 823 1322 Atheniensis,
861 1283 959 1310 cum
994 1269 1111 1311 adire
1148 1274 1324 1325 portum
1355 1270 1429 1314 Sa-

81 1323 267 1365 miorum
291 1325 493 1366 obstante
516 1326 665 1368 nauali
687 1326 880 1369 hostium
910 1329 1125 1382 praesidio
1153 1344 1243 1372 non
1268 1334 1427 1385 posset,

80 1396 238 1436 paucas
276 1397 299 1424 e
331 1383 421 1425 suis
457 1384 642 1426 nauibus
679 1389 852 1440 praeter
887 1389 1059 1440 portum
1102 1388 1257 1430 missas
1299 1389 1427 1431 iussit

80 1441 285 1495 transire,
315 1442 568 1497 arbitratus,
607 1443 681 1498 qui
711 1445 757 1486 in
788 1445 975 1491 statione
1006 1450 1146 1501 erant,
1184 1452 1427 1502 persecutu-

80 1513 170 1541 ros:
199 1499 353 1555 hisque
378 1515 455 1555 per
480 1501 562 1544 hoc
587 1503 816 1545 consilium
841 1505 1048 1559 auocatis,
1076 1506 1199 1548 nullo
1227 1507 1426 1549 obstante

80 1561 254 1612 portum
285 1573 381 1600 cum
411 1560 575 1615 reliqua
606 1561 786 1616 adeptus
819 1566 886 1604 est
915 1563 1062 1605 classe.

217 1707 260 1742 V.
296 1707 361 1742 DE
386 1708 652 1745 EVADENDO
677 1710 744 1745 EX
768 1711 906 1747 LOCIS
931 1713 1281 1751 DIFFICILLIMIS.

171 1791 208 1833 1.
240 1789 288 1840 Q.
310 1789 523 1834 Sertorius
555 1794 602 1834 in
631 1793 860 1850 Hispania,
892 1811 987 1837 cum
1020 1812 1045 1838 a
1074 1800 1200 1854 tergo
1232 1799 1422 1843 instante

77 1847 203 1890 hoste
233 1849 392 1892 flumen
422 1851 604 1894 traicere
634 1852 831 1908 haueret,
861 1855 1024 1897 uallum
1055 1857 1102 1898 in
1132 1858 1228 1912 ripa
1255 1859 1346 1901 eius
1376 1860 1424 1901 in

78 1952 246 1996 cyaneae
271 1955 348 1990 edd.
386 1955 589 2000 Abydenae
618 1955 730 2001 Oud.;
768 1958 813 2001 cf.
847 1960 967 2003 praef.
992 1959 1021 2006 §¹
1044 1963 1092 1995 14
1122 1963 1128 2005 1
1161 1965 1184 1996 4
1214 1962 1422 1998 interfectis

77 1999 247 2036 Herelius
272 2004 278 2044 Ι
311 2002 354 2035 ut
378 2013 478 2047 sequ.
499 2003 559 2046 ΡΙ
594 2007 615 2038 5
643 2015 737 2048 quae
763 2016 781 2039 e
812 2033 819 2040 .
846 2006 889 2040 ut
913 2007 990 2042 edd.
1018 2007 1025 2053 Ι
1057 2011 1077 2042 7
1098 2008 1284 2054 angustiis
1303 2007 1372 2056 ΗἸ
1400 2015 1421 2046 9

78 2045 165 2089 quia
189 2047 236 2081 H
239 2048 277 2082 P
310 2058 395 2083 cum
419 2050 465 2094 d;
490 2050 534 2093 cf.
560 2053 620 2094 13,
639 2053 691 2086 28
721 2053 726 2094 Ι
760 2062 778 2085 c
808 2063 1037 2089 erronessum
1069 2056 1234 2098 (cheron.
1259 2057 1308 2101 P)
1330 2058 1422 2100 ΗΡ,

76 2093 123 2136 ef.
142 2095 179 2137 2,
199 2097 235 2138 5,
248 2097 298 2129 42
331 2097 337 2139 Ι
378 2100 421 2131 10
446 2097 706 2141 prohiberetur
723 2098 822 2141 ΗΡ,
847 2110 938 2135 corr.
963 2102 1008 2144 d;
1032 2103 1079 2145 cf.
1098 2105 1160 2145 16,
1172 2107 1223 2139 24
1250 2106 1257 2147 Ι
1298 2108 1340 2138 11
1366 2104 1421 2139 bi-

75 2141 237 2175 zantium
255 2141 349 2185 HP,
373 2153 466 2178 corr.
492 2145 517 2179 d
537 2148 543 2188 Ι
573 2149 615 2179 13
640 2144 784 2180 futuras
809 2147 834 2181 d
855 2148 861 2191 Ι
890 2151 934 2182 14
957 2147 1140 2184 bizantios
1165 2150 1275 2195 ΗΡΙ
1306 2154 1349 2185 15
1376 2151 1421 2186 de

76 2196 143 2220 om.
168 2187 230 2232 ΡΙ
265 2192 308 2223 16
332 2191 518 2226 retexeret
540 2201 607 2226 om.
628 2191 687 2226 Ηι
714 2194 719 2236 Ι
756 2196 798 2228 18
823 2193 962 2230 inuasit
980 2196 1114 2232 Hartel
1134 2199 1140 2240 Ι
1165 2201 1207 2231 19
1234 2197 1423 2232 saniorum

77 2231 124 2266 H
144 2237 227 2269 ante
251 2245 342 2271 corr.
371 2238 376 2279 Ι
408 2240 452 2271 23
477 2237 597 2282 iisque
621 2239 700 2274 edd.

175 2283 221 2315 25
252 2281 313 2328 ex]
348 2283 394 2318 de
419 2283 465 2318 H
493 2287 498 2328 Ι
531 2289 576 2320 27
609 2286 764 2321 haueret
797 2287 929 2324 Hartel
970 2289 1126 2325 haberet
1150 2290 1195 2324 H
1200 2291 1237 2325 P
1270 2302 1420 2328 neeesse

74 2326 230 2362 haberet
256 2327 369 2373 Oud.;
402 2341 452 2366 an
475 2330 724 2386 traiciendum
748 2333 904 2370 haberet
926 2334 947 2371 .?
971 2337 1018 2380 cf.
1036 2338 1158 2382 praef.
1184 2337 1211 2384 §
1232 2341 1278 2373 14

1459 755 1502 786 10

1456 1048 1500 1080 15

1451 1343 1497 1374 20
