<?xml version="1.0" encoding="UTF-8"?>
<!DOCTYPE html PUBLIC "-//W3C//DTD XHTML 1.0 Transitional//EN"
    "http://www.w3.org/TR/xhtml1/DTD/xhtml1-transitional.dtd">
<html xmlns="http://www.w3.org/1999/xhtml" xml:lang="en" lang="en">
 <head>
  <title>
</title>
<meta http-equiv="Content-Type" content="text/html;charset=utf-8" />
  <meta name='ocr-system' content='tesseract 3.04.00' />
  <meta name='ocr-capabilities' content='ocr_page ocr_carea ocr_par ocr_line ocrx_word'/>
</head>
<body>
  <div class='ocr_page' id='page_1' title='image "./strategematonlib00fronuoft_0072.png"; bbox 0 0 1612 2488; ppageno 0'>
   <div class='ocr_carea' id='block_1_1' title="bbox 118 748 161 780">
    <p class='ocr_par' dir='ltr' id='par_1_1' title="bbox 118 748 161 780">
     <span class='ocr_line' id='line_1_1' title="bbox 118 748 161 780; baseline 0.023 -1"><span class='ocrx_word' id='word_1_1' title='bbox 118 748 161 780; x_wconf 92' lang='lat'>10</span> 
     </span>
    </p>
   </div>
   <div class='ocr_carea' id='block_1_2' title="bbox 119 1043 161 1076">
    <p class='ocr_par' dir='ltr' id='par_1_2' title="bbox 119 1043 161 1076">
     <span class='ocr_line' id='line_1_2' title="bbox 119 1043 161 1076; baseline 0.024 -1"><span class='ocrx_word' id='word_1_2' title='bbox 119 1043 161 1076; x_wconf 85' lang='lat'>15</span> 
     </span>
    </p>
   </div>
   <div class='ocr_carea' id='block_1_3' title="bbox 117 1339 162 1372">
    <p class='ocr_par' dir='ltr' id='par_1_3' title="bbox 117 1339 162 1372">
     <span class='ocr_line' id='line_1_3' title="bbox 117 1339 162 1372; baseline 0.022 -1"><span class='ocrx_word' id='word_1_3' title='bbox 117 1339 162 1372; x_wconf 84' lang='lat'>20</span> 
     </span>
    </p>
   </div>
   <div class='ocr_carea' id='block_1_4' title="bbox 116 1634 160 1666">
    <p class='ocr_par' dir='ltr' id='par_1_4' title="bbox 116 1634 160 1666">
     <span class='ocr_line' id='line_1_4' title="bbox 116 1634 160 1666; baseline 0 0"><span class='ocrx_word' id='word_1_4' title='bbox 116 1634 160 1666; x_wconf 83' lang='lat'>25</span> 
     </span>
    </p>
   </div>
   <div class='ocr_carea' id='block_1_5' title="bbox 117 1929 162 1960">
    <p class='ocr_par' dir='ltr' id='par_1_5' title="bbox 117 1929 162 1960">
     <span class='ocr_line' id='line_1_5' title="bbox 117 1929 162 1960; baseline 0 0"><span class='ocrx_word' id='word_1_5' title='bbox 117 1929 162 1960; x_wconf 88' lang='lat'>30</span> 
     </span>
    </p>
   </div>
   <div class='ocr_carea' id='block_1_6' title="bbox 189 92 1282 136">
    <p class='ocr_par' dir='ltr' id='par_1_6' title="bbox 189 92 1282 136">
     <span class='ocr_line' id='line_1_6' title="bbox 189 92 1282 136; baseline 0.006 -10"><span class='ocrx_word' id='word_1_6' title='bbox 189 93 245 136; x_wconf 79' lang='lat'>48</span> <span class='ocrx_word' id='word_1_7' title='bbox 461 93 564 130; x_wconf 89' lang='lat' dir='ltr'>IULI</span> <span class='ocrx_word' id='word_1_8' title='bbox 589 92 824 130; x_wconf 80' lang='lat' dir='ltr'>FRON&#39;I&#39;INI</span> <span class='ocrx_word' id='word_1_9' title='bbox 853 94 1282 133; x_wconf 77' lang='lat' dir='ltr'><strong>STRATEGEMATON</strong></span> 
     </span>
    </p>
   </div>
   <div class='ocr_carea' id='block_1_7' title="bbox 189 204 1545 320">
    <p class='ocr_par' dir='ltr' id='par_1_7' title="bbox 189 204 1545 320">
     <span class='ocr_line' id='line_1_7' title="bbox 189 204 1545 259; baseline 0.004 -15"><span class='ocrx_word' id='word_1_10' title='bbox 189 205 233 245; x_wconf 91' lang='lat' dir='ltr'>et</span> <span class='ocrx_word' id='word_1_11' title='bbox 258 216 310 244; x_wconf 90' lang='lat' dir='ltr'>ex</span> <span class='ocrx_word' id='word_1_12' title='bbox 335 204 518 258; x_wconf 88' lang='lat' dir='ltr'>utraque</span> <span class='ocrx_word' id='word_1_13' title='bbox 550 205 675 258; x_wconf 89' lang='lat' dir='ltr'>parte</span> <span class='ocrx_word' id='word_1_14' title='bbox 706 216 1001 259; x_wconf 87' lang='lat' dir='ltr'>compressum</span> <span class='ocrx_word' id='word_1_15' title='bbox 1031 204 1198 249; x_wconf 86' lang='lat' dir='ltr'>cecidit.</span> <span class='ocrx_word' id='word_1_16' title='bbox 1248 206 1471 258; x_wconf 89' lang='lat' dir='ltr'>[ueterano</span> <span class='ocrx_word' id='word_1_17' title='bbox 1501 208 1545 249; x_wconf 90' lang='lat' dir='ltr'>et</span> 
     </span>
     <span class='ocr_line' id='line_1_8' title="bbox 189 261 1542 320; baseline 0.004 -17"><span class='ocrx_word' id='word_1_18' title='bbox 189 261 262 303; x_wconf 91' lang='lat' dir='ltr'>diu</span> <span class='ocrx_word' id='word_1_19' title='bbox 294 261 446 305; x_wconf 88' lang='lat' dir='ltr'>edocto</span> <span class='ocrx_word' id='word_1_20' title='bbox 478 276 582 304; x_wconf 91' lang='lat' dir='ltr'>usus</span> <span class='ocrx_word' id='word_1_21' title='bbox 609 262 816 305; x_wconf 84' lang='lat' dir='ltr'>exercitu:</span> <span class='ocrx_word' id='word_1_22' title='bbox 848 262 931 305; x_wconf 91' lang='lat' dir='ltr'>hoc</span> <span class='ocrx_word' id='word_1_23' title='bbox 957 263 1071 305; x_wconf 90' lang='lat' dir='ltr'>enim</span> <span class='ocrx_word' id='word_1_24' title='bbox 1095 277 1230 320; x_wconf 85' lang='lat' dir='ltr'>genus</span> <span class='ocrx_word' id='word_1_25' title='bbox 1256 264 1542 308; x_wconf 75' lang='lat' dir='ltr'>ordinationis</span> 
     </span>
    </p>
   </div>
   <div class='ocr_carea' id='block_1_8' title="bbox 189 320 1610 379">
    <p class='ocr_par' dir='ltr' id='par_1_8' title="bbox 189 320 1610 379">
     <span class='ocr_line' id='line_1_9' title="bbox 189 320 1610 379; baseline 0.003 -16"><span class='ocrx_word' id='word_1_26' title='bbox 189 321 365 376; x_wconf 85' lang='lat' dir='ltr'>exsequi</span> <span class='ocrx_word' id='word_1_27' title='bbox 401 321 488 364; x_wconf 89' lang='lat' dir='ltr'>nisi</span> <span class='ocrx_word' id='word_1_28' title='bbox 525 321 691 376; x_wconf 90' lang='lat' dir='ltr'>peritus</span> <span class='ocrx_word' id='word_1_29' title='bbox 730 323 774 363; x_wconf 91' lang='lat' dir='ltr'>et</span> <span class='ocrx_word' id='word_1_30' title='bbox 812 320 866 363; x_wconf 89' lang='lat' dir='ltr'>ad</span> <span class='ocrx_word' id='word_1_31' title='bbox 904 336 1030 364; x_wconf 91' lang='lat' dir='ltr'>omne</span> <span class='ocrx_word' id='word_1_32' title='bbox 1067 325 1332 366; x_wconf 75' lang='lat' dir='ltr'><strong>momentum</strong></span> <span class='ocrx_word' id='word_1_33' title='bbox 1368 338 1544 379; x_wconf 89' lang='lat' dir='ltr'>respon·</span> <span class='ocrx_word' id='word_1_34' title='bbox 1607 356 1610 358; x_wconf 17' lang='grc' dir='ltr'><strong>Α</strong></span> 
     </span>
    </p>
   </div>
   <div class='ocr_carea' id='block_1_9' title="bbox 186 379 1544 1971">
    <p class='ocr_par' dir='ltr' id='par_1_9' title="bbox 189 379 762 435">
     <span class='ocr_line' id='line_1_10' title="bbox 189 379 762 435; baseline 0 -13"><span class='ocrx_word' id='word_1_35' title='bbox 189 379 293 422; x_wconf 89' lang='lat' dir='ltr'>dens</span> <span class='ocrx_word' id='word_1_36' title='bbox 325 380 450 422; x_wconf 84' lang='lat' dir='ltr'>miles</span> <span class='ocrx_word' id='word_1_37' title='bbox 482 380 555 422; x_wconf 84' lang='lat' dir='ltr'>uix</span> <span class='ocrx_word' id='word_1_38' title='bbox 586 381 762 435; x_wconf 68' lang='lat' dir='ltr'>potest]</span> 
     </span>
    </p>

    <p class='ocr_par' dir='ltr' id='par_1_10' title="bbox 187 437 1544 790">
     <span class='ocr_line' id='line_1_11' title="bbox 280 437 1544 496; baseline 0.003 -15"><span class='ocrx_word' id='word_1_39' title='bbox 280 439 319 481; x_wconf 89' lang='lat'>8.</span> <span class='ocrx_word' id='word_1_40' title='bbox 359 439 510 482; x_wconf 88' lang='lat' dir='ltr'>Liuius</span> <span class='ocrx_word' id='word_1_41' title='bbox 550 437 768 482; x_wconf 73' lang='lat' dir='ltr'>Salinator</span> <span class='ocrx_word' id='word_1_42' title='bbox 805 442 848 481; x_wconf 92' lang='lat' dir='ltr'>et</span> <span class='ocrx_word' id='word_1_43' title='bbox 886 437 1093 482; x_wconf 85' lang='lat' dir='ltr'>Claudius</span> <span class='ocrx_word' id='word_1_44' title='bbox 1130 439 1266 496; x_wconf 90' lang='lat' dir='ltr'>Nero,</span> <span class='ocrx_word' id='word_1_45' title='bbox 1307 455 1404 484; x_wconf 87' lang='lat' dir='ltr'>cum</span> <span class='ocrx_word' id='word_1_46' title='bbox 1434 440 1544 485; x_wconf 87' lang='lat' dir='ltr'>Has-</span> 
     </span>
     <span class='ocr_line' id='line_1_12' title="bbox 189 497 1543 544; baseline 0.003 -4"><span class='ocrx_word' id='word_1_47' title='bbox 189 497 344 540; x_wconf 89' lang='lat' dir='ltr'>drubal</span> <span class='ocrx_word' id='word_1_48' title='bbox 382 498 496 540; x_wconf 87' lang='lat' dir='ltr'>bello</span> <span class='ocrx_word' id='word_1_49' title='bbox 527 498 691 541; x_wconf 89' lang='lat' dir='ltr'>Punico</span> <span class='ocrx_word' id='word_1_50' title='bbox 730 499 915 542; x_wconf 87' lang='lat' dir='ltr'>secundo</span> <span class='ocrx_word' id='word_1_51' title='bbox 954 499 1207 542; x_wconf 89' lang='lat' dir='ltr'>decernendi</span> <span class='ocrx_word' id='word_1_52' title='bbox 1238 500 1543 544; x_wconf 84' lang='lat' dir='ltr'>necessitatem</span> 
     </span>
     <span class='ocr_line' id='line_1_13' title="bbox 189 557 1543 614; baseline 0.003 -15"><span class='ocrx_word' id='word_1_53' title='bbox 189 557 357 599; x_wconf 89' lang='lat' dir='ltr'>euitans</span> <span class='ocrx_word' id='word_1_54' title='bbox 391 557 435 600; x_wconf 91' lang='lat' dir='ltr'>in</span> <span class='ocrx_word' id='word_1_55' title='bbox 468 557 576 600; x_wconf 89' lang='lat' dir='ltr'>colle</span> <span class='ocrx_word' id='word_1_56' title='bbox 608 557 865 613; x_wconf 86' lang='lat' dir='ltr'>confragoso</span> <span class='ocrx_word' id='word_1_57' title='bbox 897 561 999 614; x_wconf 82' lang='lat' dir='ltr'>post</span> <span class='ocrx_word' id='word_1_58' title='bbox 1028 558 1180 601; x_wconf 90' lang='lat' dir='ltr'>uineas</span> <span class='ocrx_word' id='word_1_59' title='bbox 1206 558 1342 602; x_wconf 84' lang='lat' dir='ltr'><strong>aciem</strong></span> <span class='ocrx_word' id='word_1_60' title='bbox 1367 559 1543 603; x_wconf 86' lang='lat' dir='ltr'>direxis-</span> 
     </span>
     <span class='ocr_line' id='line_1_14' title="bbox 189 616 1544 672; baseline 0.003 -14"><span class='ocrx_word' id='word_1_61' title='bbox 189 618 271 672; x_wconf 89' lang='lat' dir='ltr'>set,</span> <span class='ocrx_word' id='word_1_62' title='bbox 315 616 400 672; x_wconf 90' lang='lat' dir='ltr'>ipsi</span> <span class='ocrx_word' id='word_1_63' title='bbox 445 616 631 659; x_wconf 87' lang='lat' dir='ltr'>diductis</span> <span class='ocrx_word' id='word_1_64' title='bbox 672 617 718 658; x_wconf 91' lang='lat' dir='ltr'>in</span> <span class='ocrx_word' id='word_1_65' title='bbox 755 617 893 659; x_wconf 90' lang='lat' dir='ltr'>latera</span> <span class='ocrx_word' id='word_1_66' title='bbox 930 617 1097 660; x_wconf 87' lang='lat' dir='ltr'>uiribus</span> <span class='ocrx_word' id='word_1_67' title='bbox 1136 632 1275 661; x_wconf 84' lang='lat' dir='ltr'>uacua</span> <span class='ocrx_word' id='word_1_68' title='bbox 1310 618 1453 662; x_wconf 86' lang='lat' dir='ltr'>fronte</span> <span class='ocrx_word' id='word_1_69' title='bbox 1491 634 1544 663; x_wconf 86' lang='lat' dir='ltr'>ex</span> 
     </span>
     <span class='ocr_line' id='line_1_15' title="bbox 187 676 1543 735; baseline 0.003 -18"><span class='ocrx_word' id='word_1_70' title='bbox 187 678 368 730; x_wconf 90' lang='lat' dir='ltr'>utraque</span> <span class='ocrx_word' id='word_1_71' title='bbox 405 678 528 731; x_wconf 87' lang='lat' dir='ltr'>parte</span> <span class='ocrx_word' id='word_1_72' title='bbox 561 676 933 718; x_wconf 90' lang='lat' dir='ltr'>circumuenerunt</span> <span class='ocrx_word' id='word_1_73' title='bbox 965 691 1062 719; x_wconf 89' lang='lat' dir='ltr'>eum</span> <span class='ocrx_word' id='word_1_74' title='bbox 1094 679 1223 732; x_wconf 88' lang='lat' dir='ltr'>atque</span> <span class='ocrx_word' id='word_1_75' title='bbox 1254 677 1317 720; x_wconf 88' lang='lat' dir='ltr'>ita</span> <span class='ocrx_word' id='word_1_76' title='bbox 1348 677 1543 735; x_wconf 82' lang='lat' dir='ltr'>adgressi</span> 
     </span>
     <span class='ocr_line' id='line_1_16' title="bbox 188 738 463 790; baseline -0.004 -13"><span class='ocrx_word' id='word_1_77' title='bbox 188 738 463 790; x_wconf 84' lang='lat' dir='ltr'>superarunt.</span> 
     </span>
    </p>

    <p class='ocr_par' dir='ltr' id='par_1_11' title="bbox 187 793 1544 1191">
     <span class='ocr_line' id='line_1_17' title="bbox 277 793 1542 851; baseline 0.002 -15"><span class='ocrx_word' id='word_1_78' title='bbox 277 794 318 836; x_wconf 84' lang='lat'>9.</span> <span class='ocrx_word' id='word_1_79' title='bbox 358 793 600 848; x_wconf 87' lang='lat' dir='ltr'>Hannibal,</span> <span class='ocrx_word' id='word_1_80' title='bbox 637 808 735 836; x_wconf 88' lang='lat' dir='ltr'>cum</span> <span class='ocrx_word' id='word_1_81' title='bbox 765 793 1063 850; x_wconf 75' lang='lat' dir='ltr'>frequentibus</span> <span class='ocrx_word' id='word_1_82' title='bbox 1093 795 1270 851; x_wconf 90' lang='lat' dir='ltr'>proeliis</span> <span class='ocrx_word' id='word_1_83' title='bbox 1302 810 1328 838; x_wconf 88' lang='lat' dir='ltr'>a</span> <span class='ocrx_word' id='word_1_84' title='bbox 1359 794 1542 839; x_wconf 84' lang='lat' dir='ltr'>Claudio</span> 
     </span>
     <span class='ocr_line' id='line_1_18' title="bbox 187 852 1542 910; baseline 0.002 -15"><span class='ocrx_word' id='word_1_85' title='bbox 187 852 394 896; x_wconf 90' lang='lat' dir='ltr'>Marcello</span> <span class='ocrx_word' id='word_1_86' title='bbox 427 856 719 908; x_wconf 79' lang='lat' dir='ltr'>superaretur,</span> <span class='ocrx_word' id='word_1_87' title='bbox 750 854 985 896; x_wconf 88' lang='lat' dir='ltr'>nouissime</span> <span class='ocrx_word' id='word_1_88' title='bbox 1018 854 1079 896; x_wconf 90' lang='lat' dir='ltr'>sic</span> <span class='ocrx_word' id='word_1_89' title='bbox 1111 855 1255 896; x_wconf 88' lang='lat' dir='ltr'>castra</span> <span class='ocrx_word' id='word_1_90' title='bbox 1285 855 1542 910; x_wconf 83' lang='lat' dir='ltr'>metabatur,</span> 
     </span>
     <span class='ocr_line' id='line_1_19' title="bbox 187 911 1543 968; baseline 0.001 -14"><span class='ocrx_word' id='word_1_91' title='bbox 187 915 236 954; x_wconf 89' lang='lat' dir='ltr'>ut</span> <span class='ocrx_word' id='word_1_92' title='bbox 275 915 350 955; x_wconf 87' lang='lat' dir='ltr'>aut</span> <span class='ocrx_word' id='word_1_93' title='bbox 394 913 617 955; x_wconf 89' lang='lat' dir='ltr'>montibus</span> <span class='ocrx_word' id='word_1_94' title='bbox 662 915 738 955; x_wconf 88' lang='lat' dir='ltr'>aut</span> <span class='ocrx_word' id='word_1_95' title='bbox 779 913 1011 968; x_wconf 88' lang='lat' dir='ltr'>paludibus</span> <span class='ocrx_word' id='word_1_96' title='bbox 1036 911 1133 956; x_wconf 79' lang='lat' dir='ltr'>&#39;aut</span> <span class='ocrx_word' id='word_1_97' title='bbox 1177 913 1310 956; x_wconf 87' lang='lat' dir='ltr'>simili</span> <span class='ocrx_word' id='word_1_98' title='bbox 1346 914 1543 958; x_wconf 88' lang='lat' dir='ltr'>locorum</span> 
     </span>
     <span class='ocr_line' id='line_1_20' title="bbox 188 971 1544 1026; baseline 0.002 -13"><span class='ocrx_word' id='word_1_99' title='bbox 188 971 335 1026; x_wconf 89' lang='lat' dir='ltr'>aliqua</span> <span class='ocrx_word' id='word_1_100' title='bbox 373 971 700 1026; x_wconf 90' lang='lat' dir='ltr'>opportunitate</span> <span class='ocrx_word' id='word_1_101' title='bbox 735 972 906 1015; x_wconf 91' lang='lat' dir='ltr'>adiutus</span> <span class='ocrx_word' id='word_1_102' title='bbox 938 971 1075 1014; x_wconf 88' lang='lat' dir='ltr'>aciem</span> <span class='ocrx_word' id='word_1_103' title='bbox 1106 986 1156 1014; x_wconf 92' lang='lat' dir='ltr'>eo</span> <span class='ocrx_word' id='word_1_104' title='bbox 1188 972 1316 1016; x_wconf 89' lang='lat' dir='ltr'>modo</span> <span class='ocrx_word' id='word_1_105' title='bbox 1348 973 1544 1016; x_wconf 83' lang='lat' dir='ltr'>conloca-</span> 
     </span>
     <span class='ocr_line' id='line_1_21' title="bbox 187 1030 1544 1086; baseline 0.002 -14"><span class='ocrx_word' id='word_1_106' title='bbox 187 1032 271 1085; x_wconf 88' lang='lat' dir='ltr'>ret,</span> <span class='ocrx_word' id='word_1_107' title='bbox 302 1033 351 1073; x_wconf 92' lang='lat' dir='ltr'>ut</span> <span class='ocrx_word' id='word_1_108' title='bbox 382 1030 657 1073; x_wconf 86' lang='lat' dir='ltr'>uincentibus</span> <span class='ocrx_word' id='word_1_109' title='bbox 689 1031 861 1086; x_wconf 88' lang='lat' dir='ltr'>quidem</span> <span class='ocrx_word' id='word_1_110' title='bbox 893 1030 1100 1074; x_wconf 82' lang='lat' dir='ltr'>Romanis</span> <span class='ocrx_word' id='word_1_111' title='bbox 1131 1045 1266 1086; x_wconf 88' lang='lat' dir='ltr'>paene</span> <span class='ocrx_word' id='word_1_112' title='bbox 1298 1031 1544 1075; x_wconf 89' lang='lat' dir='ltr'>indemnem</span> 
     </span>
     <span class='ocr_line' id='line_1_22' title="bbox 187 1089 1542 1146; baseline 0.002 -15"><span class='ocrx_word' id='word_1_113' title='bbox 187 1089 378 1145; x_wconf 89' lang='lat' dir='ltr'>recipere</span> <span class='ocrx_word' id='word_1_114' title='bbox 403 1092 552 1144; x_wconf 88' lang='lat' dir='ltr'>posset</span> <span class='ocrx_word' id='word_1_115' title='bbox 576 1090 692 1132; x_wconf 87' lang='lat' dir='ltr'>intra</span> <span class='ocrx_word' id='word_1_116' title='bbox 718 1090 986 1132; x_wconf 90' lang='lat' dir='ltr'>munimenta</span> <span class='ocrx_word' id='word_1_117' title='bbox 1010 1090 1262 1146; x_wconf 88' lang='lat' dir='ltr'>exercitum,</span> <span class='ocrx_word' id='word_1_118' title='bbox 1293 1091 1542 1134; x_wconf 81' lang='lat' dir='ltr'>cedentibus</span> 
     </span>
     <span class='ocr_line' id='line_1_23' title="bbox 189 1149 1256 1191; baseline 0 0"><span class='ocrx_word' id='word_1_119' title='bbox 189 1151 334 1191; x_wconf 90' lang='lat' dir='ltr'>autem</span> <span class='ocrx_word' id='word_1_120' title='bbox 365 1149 557 1191; x_wconf 87' lang='lat' dir='ltr'>instandi</span> <span class='ocrx_word' id='word_1_121' title='bbox 588 1149 773 1191; x_wconf 91' lang='lat' dir='ltr'>liberum</span> <span class='ocrx_word' id='word_1_122' title='bbox 805 1149 986 1191; x_wconf 87' lang='lat' dir='ltr'>haberet</span> <span class='ocrx_word' id='word_1_123' title='bbox 1016 1149 1256 1191; x_wconf 87' lang='lat' dir='ltr'>arbitrium.</span> 
     </span>
    </p>

    <p class='ocr_par' dir='ltr' id='par_1_12' title="bbox 186 1207 1542 1664">
     <span class='ocr_line' id='line_1_24' title="bbox 281 1207 1542 1263; baseline 0.001 -13"><span class='ocrx_word' id='word_1_124' title='bbox 281 1208 346 1250; x_wconf 90' lang='lat'>10.</span> <span class='ocrx_word' id='word_1_125' title='bbox 379 1207 657 1263; x_wconf 87' lang='lat' dir='ltr'>Xanthippus</span> <span class='ocrx_word' id='word_1_126' title='bbox 689 1207 1053 1251; x_wconf 87' lang='lat' dir='ltr'>Lacedaemonius</span> <span class='ocrx_word' id='word_1_127' title='bbox 1085 1208 1130 1250; x_wconf 93' lang='lat' dir='ltr'>in</span> <span class='ocrx_word' id='word_1_128' title='bbox 1155 1207 1305 1251; x_wconf 86' lang='lat' dir='ltr'>Africa</span> <span class='ocrx_word' id='word_1_129' title='bbox 1336 1208 1542 1251; x_wconf 88' lang='lat' dir='ltr'>aduersus</span> 
     </span>
     <span class='ocr_line' id='line_1_25' title="bbox 187 1266 1542 1323; baseline 0.001 -15"><span class='ocrx_word' id='word_1_130' title='bbox 187 1266 246 1310; x_wconf 89' lang='lat' dir='ltr'>M.</span> <span class='ocrx_word' id='word_1_131' title='bbox 268 1266 452 1309; x_wconf 90' lang='lat' dir='ltr'>Atilium</span> <span class='ocrx_word' id='word_1_132' title='bbox 483 1266 700 1323; x_wconf 86' lang='lat' dir='ltr'>Regulum</span> <span class='ocrx_word' id='word_1_133' title='bbox 732 1267 873 1309; x_wconf 90' lang='lat' dir='ltr'>leuem</span> <span class='ocrx_word' id='word_1_134' title='bbox 905 1269 1171 1310; x_wconf 88' lang='lat' dir='ltr'>armaturam</span> <span class='ocrx_word' id='word_1_135' title='bbox 1202 1267 1249 1309; x_wconf 92' lang='lat' dir='ltr'>in</span> <span class='ocrx_word' id='word_1_136' title='bbox 1278 1267 1420 1323; x_wconf 87' lang='lat' dir='ltr'>prima</span> <span class='ocrx_word' id='word_1_137' title='bbox 1452 1268 1542 1310; x_wconf 88' lang='lat' dir='ltr'>acie</span> 
     </span>
     <span class='ocr_line' id='line_1_26' title="bbox 188 1325 1541 1382; baseline 0.001 -14"><span class='ocrx_word' id='word_1_138' title='bbox 188 1325 450 1382; x_wconf 86' lang='lat' dir='ltr'>conlocauit,</span> <span class='ocrx_word' id='word_1_139' title='bbox 495 1326 540 1368; x_wconf 89' lang='lat' dir='ltr'>in</span> <span class='ocrx_word' id='word_1_140' title='bbox 578 1325 771 1368; x_wconf 91' lang='lat' dir='ltr'>subsidio</span> <span class='ocrx_word' id='word_1_141' title='bbox 811 1328 957 1369; x_wconf 89' lang='lat' dir='ltr'>autem</span> <span class='ocrx_word' id='word_1_142' title='bbox 993 1326 1125 1369; x_wconf 90' lang='lat' dir='ltr'>robur</span> <span class='ocrx_word' id='word_1_143' title='bbox 1167 1327 1380 1369; x_wconf 89' lang='lat' dir='ltr'>exercitus</span> <span class='ocrx_word' id='word_1_144' title='bbox 1422 1341 1541 1382; x_wconf 89' lang='lat' dir='ltr'>prae-</span> 
     </span>
     <span class='ocr_line' id='line_1_27' title="bbox 189 1384 1542 1440; baseline 0 -12"><span class='ocrx_word' id='word_1_145' title='bbox 189 1386 385 1440; x_wconf 86' lang='lat' dir='ltr'>cepitque</span> <span class='ocrx_word' id='word_1_146' title='bbox 424 1385 727 1440; x_wconf 86' lang='lat' dir='ltr'>auxiliaribus,</span> <span class='ocrx_word' id='word_1_147' title='bbox 765 1388 814 1428; x_wconf 91' lang='lat' dir='ltr'>ut</span> <span class='ocrx_word' id='word_1_148' title='bbox 846 1385 1015 1428; x_wconf 89' lang='lat' dir='ltr'>emissis</span> <span class='ocrx_word' id='word_1_149' title='bbox 1053 1384 1154 1427; x_wconf 89' lang='lat' dir='ltr'>telis</span> <span class='ocrx_word' id='word_1_150' title='bbox 1193 1385 1394 1428; x_wconf 87' lang='lat' dir='ltr'>cederent</span> <span class='ocrx_word' id='word_1_151' title='bbox 1424 1385 1542 1428; x_wconf 88' lang='lat' dir='ltr'>hosti</span> 
     </span>
     <span class='ocr_line' id='line_1_28' title="bbox 189 1443 1542 1500; baseline 0 -14"><span class='ocrx_word' id='word_1_152' title='bbox 189 1447 248 1499; x_wconf 89' lang='lat' dir='ltr'>et,</span> <span class='ocrx_word' id='word_1_153' title='bbox 275 1459 372 1486; x_wconf 88' lang='lat' dir='ltr'>cum</span> <span class='ocrx_word' id='word_1_154' title='bbox 399 1459 444 1486; x_wconf 89' lang='lat' dir='ltr'>se</span> <span class='ocrx_word' id='word_1_155' title='bbox 469 1445 587 1486; x_wconf 90' lang='lat' dir='ltr'>intra</span> <span class='ocrx_word' id='word_1_156' title='bbox 613 1459 790 1487; x_wconf 90' lang='lat' dir='ltr'>suorum</span> <span class='ocrx_word' id='word_1_157' title='bbox 816 1444 987 1487; x_wconf 89' lang='lat' dir='ltr'>ordines</span> <span class='ocrx_word' id='word_1_158' title='bbox 1013 1444 1288 1500; x_wconf 83' lang='lat' dir='ltr'>recepissent,</span> <span class='ocrx_word' id='word_1_159' title='bbox 1313 1443 1542 1487; x_wconf 87' lang='lat' dir='ltr'>confestim</span> 
     </span>
     <span class='ocr_line' id='line_1_29' title="bbox 186 1503 1542 1559; baseline 0.001 -14"><span class='ocrx_word' id='word_1_160' title='bbox 186 1503 231 1544; x_wconf 91' lang='lat' dir='ltr'>in</span> <span class='ocrx_word' id='word_1_161' title='bbox 269 1504 408 1545; x_wconf 86' lang='lat' dir='ltr'>latera</span> <span class='ocrx_word' id='word_1_162' title='bbox 444 1503 735 1545; x_wconf 83' lang='lat' dir='ltr'>discurrerent</span> <span class='ocrx_word' id='word_1_163' title='bbox 773 1506 816 1545; x_wconf 91' lang='lat' dir='ltr'>et</span> <span class='ocrx_word' id='word_1_164' title='bbox 854 1518 879 1544; x_wconf 90' lang='lat' dir='ltr'>a</span> <span class='ocrx_word' id='word_1_165' title='bbox 916 1503 1118 1546; x_wconf 88' lang='lat' dir='ltr'>cornibus</span> <span class='ocrx_word' id='word_1_166' title='bbox 1155 1517 1305 1545; x_wconf 87' lang='lat' dir='ltr'>rursus</span> <span class='ocrx_word' id='word_1_167' title='bbox 1348 1517 1542 1559; x_wconf 89' lang='lat' dir='ltr'>erumpe-</span> 
     </span>
     <span class='ocr_line' id='line_1_30' title="bbox 186 1561 1542 1618; baseline 0 -14"><span class='ocrx_word' id='word_1_168' title='bbox 186 1565 302 1604; x_wconf 85' lang='lat' dir='ltr'>rent:</span> <span class='ocrx_word' id='word_1_169' title='bbox 335 1565 646 1618; x_wconf 88' lang='lat' dir='ltr'>exceptumque</span> <span class='ocrx_word' id='word_1_170' title='bbox 671 1561 759 1604; x_wconf 89' lang='lat' dir='ltr'>iam</span> <span class='ocrx_word' id='word_1_171' title='bbox 783 1562 955 1604; x_wconf 88' lang='lat' dir='ltr'>hostem</span> <span class='ocrx_word' id='word_1_172' title='bbox 981 1577 1007 1604; x_wconf 91' lang='lat' dir='ltr'>a</span> <span class='ocrx_word' id='word_1_173' title='bbox 1031 1562 1350 1605; x_wconf 87' lang='lat' dir='ltr'>robustioribus</span> <span class='ocrx_word' id='word_1_174' title='bbox 1382 1564 1426 1604; x_wconf 92' lang='lat' dir='ltr'>et</span> <span class='ocrx_word' id='word_1_175' title='bbox 1455 1562 1542 1618; x_wconf 90' lang='lat' dir='ltr'>ipsi</span> 
     </span>
     <span class='ocr_line' id='line_1_31' title="bbox 187 1621 503 1664; baseline -0.006 0"><span class='ocrx_word' id='word_1_176' title='bbox 187 1621 503 1664; x_wconf 85' lang='lat' dir='ltr'>circumierunt.</span> 
     </span>
    </p>

    <p class='ocr_par' dir='ltr' id='par_1_13' title="bbox 186 1679 1540 1797">
     <span class='ocr_line' id='line_1_32' title="bbox 278 1679 1540 1736; baseline -0.001 -13"><span class='ocrx_word' id='word_1_177' title='bbox 278 1681 365 1734; x_wconf 85' lang='lat'>[11.</span> <span class='ocrx_word' id='word_1_178' title='bbox 399 1679 613 1723; x_wconf 86' lang='lat' dir='ltr'>Sertorius</span> <span class='ocrx_word' id='word_1_179' title='bbox 633 1680 747 1722; x_wconf 89' lang='lat' dir='ltr'>idem</span> <span class='ocrx_word' id='word_1_180' title='bbox 766 1680 812 1722; x_wconf 90' lang='lat' dir='ltr'>in</span> <span class='ocrx_word' id='word_1_181' title='bbox 830 1679 1045 1735; x_wconf 89' lang='lat' dir='ltr'>Hispania</span> <span class='ocrx_word' id='word_1_182' title='bbox 1065 1679 1271 1723; x_wconf 85' lang='lat' dir='ltr'>aduersus</span> <span class='ocrx_word' id='word_1_183' title='bbox 1288 1679 1540 1736; x_wconf 89' lang='lat' dir='ltr'>Pompeium</span> 
     </span>
     <span class='ocr_line' id='line_1_33' title="bbox 186 1737 331 1797; baseline 0.007 -16"><span class='ocrx_word' id='word_1_184' title='bbox 186 1737 331 1797; x_wconf 70' lang='lat' dir='ltr'>fecit]</span> 
     </span>
    </p>

    <p class='ocr_par' dir='ltr' id='par_1_14' title="bbox 187 1796 1539 1971">
     <span class='ocr_line' id='line_1_34' title="bbox 279 1796 1539 1841; baseline -0.001 -1"><span class='ocrx_word' id='word_1_185' title='bbox 279 1799 346 1841; x_wconf 79' lang='lat'>12.</span> <span class='ocrx_word' id='word_1_186' title='bbox 384 1796 665 1841; x_wconf 85' lang='lat' dir='ltr'>Gleandridas</span> <span class='ocrx_word' id='word_1_187' title='bbox 703 1797 1068 1841; x_wconf 87' lang='lat' dir='ltr'>Lacedaemonius</span> <span class='ocrx_word' id='word_1_188' title='bbox 1107 1798 1311 1840; x_wconf 89' lang='lat' dir='ltr'>aduersus</span> <span class='ocrx_word' id='word_1_189' title='bbox 1343 1796 1539 1840; x_wconf 89' lang='lat' dir='ltr'>Lucanos</span> 
     </span>
     <span class='ocr_line' id='line_1_35' title="bbox 187 1855 1538 1913; baseline -0.001 -14"><span class='ocrx_word' id='word_1_190' title='bbox 187 1858 367 1899; x_wconf 88' lang='lat' dir='ltr'>densam</span> <span class='ocrx_word' id='word_1_191' title='bbox 410 1858 619 1900; x_wconf 87' lang='lat' dir='ltr'>instruxit</span> <span class='ocrx_word' id='word_1_192' title='bbox 662 1857 817 1913; x_wconf 85' lang='lat' dir='ltr'>aciem,</span> <span class='ocrx_word' id='word_1_193' title='bbox 860 1859 909 1899; x_wconf 89' lang='lat' dir='ltr'>ut</span> <span class='ocrx_word' id='word_1_194' title='bbox 945 1858 1074 1912; x_wconf 86' lang='lat' dir='ltr'>longe</span> <span class='ocrx_word' id='word_1_195' title='bbox 1111 1856 1291 1898; x_wconf 84' lang='lat' dir='ltr'>minoris</span> <span class='ocrx_word' id='word_1_196' title='bbox 1329 1855 1538 1898; x_wconf 86' lang='lat' dir='ltr'>exercitus</span> 
     </span>
     <span class='ocr_line' id='line_1_36' title="bbox 189 1914 1538 1971; baseline 0 -14"><span class='ocrx_word' id='word_1_197' title='bbox 189 1917 374 1971; x_wconf 90' lang='lat' dir='ltr'>speciem</span> <span class='ocrx_word' id='word_1_198' title='bbox 419 1917 668 1969; x_wconf 89' lang='lat' dir='ltr'>praeberet:</span> <span class='ocrx_word' id='word_1_199' title='bbox 713 1917 873 1959; x_wconf 90' lang='lat' dir='ltr'>securis</span> <span class='ocrx_word' id='word_1_200' title='bbox 917 1916 1068 1958; x_wconf 91' lang='lat' dir='ltr'>deinde</span> <span class='ocrx_word' id='word_1_201' title='bbox 1110 1914 1310 1957; x_wconf 90' lang='lat' dir='ltr'>hostibus</span> <span class='ocrx_word' id='word_1_202' title='bbox 1353 1915 1400 1956; x_wconf 90' lang='lat' dir='ltr'>in</span> <span class='ocrx_word' id='word_1_203' title='bbox 1442 1914 1538 1970; x_wconf 87' lang='lat' dir='ltr'>ipso</span> 
     </span>
    </p>
   </div>
   <div class='ocr_carea' id='block_1_10' title="bbox 188 1986 472 1993">
    <p class='ocr_par' dir='ltr' id='par_1_15' title="bbox 188 1986 472 1993">
     <span class='ocr_line' id='line_1_37' title="bbox 188 1986 472 1993; baseline 0 0"><span class='ocrx_word' id='word_1_204' title='bbox 188 1986 472 1993; x_wconf 95' lang='lat' dir='ltr'> </span> 
     </span>
    </p>
   </div>
   <div class='ocr_carea' id='block_1_11' title="bbox 187 2005 1540 2148">
    <p class='ocr_par' dir='ltr' id='par_1_16' title="bbox 187 2005 1540 2148">
     <span class='ocr_line' id='line_1_38' title="bbox 284 2005 1540 2054; baseline -0.001 -11"><span class='ocrx_word' id='word_1_205' title='bbox 284 2013 302 2043; x_wconf 93' lang='lat'>1</span> <span class='ocrx_word' id='word_1_206' title='bbox 329 2009 443 2044; x_wconf 73' lang='lat' dir='ltr'>uerba</span> <span class='ocrx_word' id='word_1_207' title='bbox 468 2011 645 2044; x_wconf 80' lang='lat' dir='ltr'>ueterano</span> <span class='ocrx_word' id='word_1_208' title='bbox 671 2029 716 2035; x_wconf 91' lang='lat'><em>-</em></span> <span class='ocrx_word' id='word_1_209' title='bbox 742 2010 867 2054; x_wconf 85' lang='lat' dir='ltr'>potest</span> <span class='ocrx_word' id='word_1_210' title='bbox 890 2008 994 2044; x_wconf 80' lang='lat' dir='ltr'>eieci:</span> <span class='ocrx_word' id='word_1_211' title='bbox 1019 2007 1064 2051; x_wconf 82' lang='lat' dir='ltr'>cf.</span> <span class='ocrx_word' id='word_1_212' title='bbox 1086 2007 1206 2051; x_wconf 79' lang='lat' dir='ltr'>praef.</span> <span class='ocrx_word' id='word_1_213' title='bbox 1232 2006 1260 2053; x_wconf 69' lang='lat'><em>5</em></span> <span class='ocrx_word' id='word_1_214' title='bbox 1278 2009 1302 2043; x_wconf 89' lang='lat'><em>9</em></span> <span class='ocrx_word' id='word_1_215' title='bbox 1324 2007 1329 2050; x_wconf 68' lang='grc' dir='ltr'>Ι</span> <span class='ocrx_word' id='word_1_216' title='bbox 1351 2009 1374 2041; x_wconf 79' lang='lat'>4</span> <span class='ocrx_word' id='word_1_217' title='bbox 1398 2005 1540 2042; x_wconf 83' lang='lat' dir='ltr'>milites</span> 
     </span>
     <span class='ocr_line' id='line_1_39' title="bbox 187 2052 1509 2101; baseline -0.002 -10"><span class='ocrx_word' id='word_1_218' title='bbox 187 2055 233 2091; x_wconf 84' lang='lat' dir='ltr'><strong><em>H</em></strong></span> <span class='ocrx_word' id='word_1_219' title='bbox 236 2055 246 2074; x_wconf 88' lang='lat'><strong>¹</strong></span> <span class='ocrx_word' id='word_1_220' title='bbox 269 2058 274 2101; x_wconf 86' lang='grc' dir='ltr'>Ι</span> <span class='ocrx_word' id='word_1_221' title='bbox 302 2059 323 2090; x_wconf 83' lang='grc'><strong>5</strong></span> <span class='ocrx_word' id='word_1_222' title='bbox 349 2054 389 2089; x_wconf 91' lang='lat' dir='ltr'>L.</span> <span class='ocrx_word' id='word_1_223' title='bbox 411 2055 523 2090; x_wconf 87' lang='lat' dir='ltr'>liuius</span> <span class='ocrx_word' id='word_1_224' title='bbox 544 2056 638 2100; x_wconf 86' lang='grc' dir='ltr'>ΗΡ,</span> <span class='ocrx_word' id='word_1_225' title='bbox 664 2067 756 2092; x_wconf 84' lang='lat' dir='ltr'>corr.</span> <span class='ocrx_word' id='word_1_226' title='bbox 782 2057 807 2091; x_wconf 82' lang='lat' dir='ltr'>d</span> <span class='ocrx_word' id='word_1_227' title='bbox 828 2057 832 2101; x_wconf 85' lang='grc' dir='ltr'>Ι</span> <span class='ocrx_word' id='word_1_228' title='bbox 857 2054 1050 2099; x_wconf 87' lang='lat' dir='ltr'>Claudius]</span> <span class='ocrx_word' id='word_1_229' title='bbox 1077 2053 1121 2089; x_wconf 84' lang='lat' dir='ltr'>el.</span> <span class='ocrx_word' id='word_1_230' title='bbox 1142 2053 1230 2089; x_wconf 91' lang='grc' dir='ltr'>ΗΡ</span> <span class='ocrx_word' id='word_1_231' title='bbox 1249 2053 1255 2100; x_wconf 78' lang='lat'>1</span> <span class='ocrx_word' id='word_1_232' title='bbox 1277 2052 1444 2089; x_wconf 83' lang='lat' dir='ltr'>astrubal</span> <span class='ocrx_word' id='word_1_233' title='bbox 1461 2053 1509 2089; x_wconf 94' lang='lat' dir='ltr'><strong><em>H</em></strong></span> 
     </span>
     <span class='ocr_line' id='line_1_40' title="bbox 188 2101 1504 2148; baseline -0.001 -10"><span class='ocrx_word' id='word_1_234' title='bbox 188 2107 208 2138; x_wconf 87' lang='lat'><strong>6</strong></span> <span class='ocrx_word' id='word_1_235' title='bbox 235 2102 453 2138; x_wconf 83' lang='lat' dir='ltr'>decertandi</span> <span class='ocrx_word' id='word_1_236' title='bbox 471 2103 578 2147; x_wconf 57' lang='lat' dir='ltr'>edd-1</span> <span class='ocrx_word' id='word_1_237' title='bbox 601 2107 622 2138; x_wconf 89' lang='grc'>8</span> <span class='ocrx_word' id='word_1_238' title='bbox 648 2103 726 2148; x_wconf 86' lang='lat' dir='ltr'>ipse</span> <span class='ocrx_word' id='word_1_239' title='bbox 749 2103 796 2138; x_wconf 88' lang='lat' dir='ltr'><strong><em>H</em></strong></span> <span class='ocrx_word' id='word_1_240' title='bbox 812 2104 817 2148; x_wconf 86' lang='grc' dir='ltr'>Ι</span> <span class='ocrx_word' id='word_1_241' title='bbox 840 2102 1010 2138; x_wconf 87' lang='lat' dir='ltr'>deductis</span> <span class='ocrx_word' id='word_1_242' title='bbox 1029 2101 1076 2136; x_wconf 90' lang='lat' dir='ltr'><em>H</em></span> <span class='ocrx_word' id='word_1_243' title='bbox 1093 2103 1098 2145; x_wconf 90' lang='grc' dir='ltr'>Ι</span> <span class='ocrx_word' id='word_1_244' title='bbox 1122 2104 1166 2136; x_wconf 91' lang='grc'>10</span> <span class='ocrx_word' id='word_1_245' title='bbox 1191 2101 1461 2146; x_wconf 88' lang='lat' dir='ltr'>superauerunt</span> <span class='ocrx_word' id='word_1_246' title='bbox 1478 2101 1504 2137; x_wconf 80' lang='lat' dir='ltr'>d</span> 
     </span>
    </p>
   </div>
   <div class='ocr_carea' id='block_1_12' title="bbox 189 2147 1602 2193">
    <p class='ocr_par' dir='ltr' id='par_1_17' title="bbox 189 2147 1602 2193">
     <span class='ocr_line' id='line_1_41' title="bbox 189 2147 1602 2193; baseline 0 -9"><span class='ocrx_word' id='word_1_247' title='bbox 189 2153 231 2184; x_wconf 95' lang='grc'>12</span> <span class='ocrx_word' id='word_1_248' title='bbox 259 2149 479 2185; x_wconf 87' lang='lat' dir='ltr'>macercello</span> <span class='ocrx_word' id='word_1_249' title='bbox 505 2150 552 2185; x_wconf 87' lang='lat' dir='ltr'><strong><em>H</em></strong></span> <span class='ocrx_word' id='word_1_250' title='bbox 579 2152 584 2193; x_wconf 90' lang='lat' dir='ltr'>l</span> <span class='ocrx_word' id='word_1_251' title='bbox 617 2151 829 2186; x_wconf 84' lang='lat' dir='ltr'>metebatur</span> <span class='ocrx_word' id='word_1_252' title='bbox 853 2150 899 2185; x_wconf 89' lang='lat' dir='ltr'><strong><em>H</em></strong></span> <span class='ocrx_word' id='word_1_253' title='bbox 931 2148 1182 2184; x_wconf 87' lang='lat' dir='ltr'>meditabatur</span> <span class='ocrx_word' id='word_1_254' title='bbox 1209 2147 1256 2191; x_wconf 91' lang='lat' dir='ltr'>P,</span> <span class='ocrx_word' id='word_1_255' title='bbox 1281 2158 1373 2184; x_wconf 80' lang='lat' dir='ltr'>corr.</span> <span class='ocrx_word' id='word_1_256' title='bbox 1400 2148 1426 2184; x_wconf 77' lang='lat' dir='ltr'>d</span> <span class='ocrx_word' id='word_1_257' title='bbox 1451 2148 1458 2192; x_wconf 85' lang='grc' dir='ltr'>Ι</span> <span class='ocrx_word' id='word_1_258' title='bbox 1494 2151 1539 2184; x_wconf 87' lang='grc'>18</span> <span class='ocrx_word' id='word_1_259' title='bbox 1597 2165 1602 2168; x_wconf 90' lang='grc'><em>·</em></span> 
     </span>
    </p>
   </div>
   <div class='ocr_carea' id='block_1_13' title="bbox 185 2193 1537 2385">
    <p class='ocr_par' dir='ltr' id='par_1_18' title="bbox 185 2193 1537 2385">
     <span class='ocr_line' id='line_1_42' title="bbox 186 2193 1535 2243; baseline -0.001 -11"><span class='ocrx_word' id='word_1_260' title='bbox 186 2197 399 2243; x_wconf 85' lang='lat' dir='ltr'>Xantippus</span> <span class='ocrx_word' id='word_1_261' title='bbox 412 2196 449 2231; x_wconf 91' lang='lat' dir='ltr'><em>P</em></span> <span class='ocrx_word' id='word_1_262' title='bbox 469 2198 474 2241; x_wconf 89' lang='grc' dir='ltr'>Ι</span> <span class='ocrx_word' id='word_1_263' title='bbox 497 2200 540 2232; x_wconf 92' lang='grc'>21</span> <span class='ocrx_word' id='word_1_264' title='bbox 562 2197 725 2232; x_wconf 84' lang='lat' dir='ltr'>excussis</span> <span class='ocrx_word' id='word_1_265' title='bbox 740 2198 765 2233; x_wconf 82' lang='lat' dir='ltr'>d</span> <span class='ocrx_word' id='word_1_266' title='bbox 786 2199 791 2241; x_wconf 78' lang='grc' dir='ltr'>ί</span> <span class='ocrx_word' id='word_1_267' title='bbox 814 2200 860 2232; x_wconf 86' lang='grc'>24</span> <span class='ocrx_word' id='word_1_268' title='bbox 879 2198 918 2232; x_wconf 85' lang='lat' dir='ltr'>et</span> <span class='ocrx_word' id='word_1_269' title='bbox 935 2196 1059 2241; x_wconf 88' lang='lat' dir='ltr'>ipsum</span> <span class='ocrx_word' id='word_1_270' title='bbox 1073 2195 1119 2230; x_wconf 89' lang='lat' dir='ltr'><strong><em>H</em></strong></span> <span class='ocrx_word' id='word_1_271' title='bbox 1136 2197 1141 2239; x_wconf 82' lang='grc' dir='ltr'>Ι</span> <span class='ocrx_word' id='word_1_272' title='bbox 1164 2198 1208 2230; x_wconf 85' lang='grc'>25</span> <span class='ocrx_word' id='word_1_273' title='bbox 1222 2193 1512 2231; x_wconf 86' lang='lat' dir='ltr'>circumirentP</span> <span class='ocrx_word' id='word_1_274' title='bbox 1530 2194 1535 2241; x_wconf 78' lang='grc' dir='ltr'>Ι</span> 
     </span>
     <span class='ocr_line' id='line_1_43' title="bbox 187 2241 1537 2291; baseline -0.001 -12"><span class='ocrx_word' id='word_1_275' title='bbox 187 2248 233 2279; x_wconf 86' lang='grc'>26</span> <span class='ocrx_word' id='word_1_276' title='bbox 247 2245 446 2290; x_wconf 75' lang='lat' dir='ltr'>exemplum</span> <span class='ocrx_word' id='word_1_277' title='bbox 460 2245 638 2280; x_wconf 74' lang='lat' dir='ltr'>alienum:</span> <span class='ocrx_word' id='word_1_278' title='bbox 658 2245 704 2288; x_wconf 82' lang='lat' dir='ltr'>cf.</span> <span class='ocrx_word' id='word_1_279' title='bbox 713 2245 833 2289; x_wconf 77' lang='lat' dir='ltr'>praef.</span> <span class='ocrx_word' id='word_1_280' title='bbox 847 2243 875 2291; x_wconf 64' lang='lat'><em>5</em></span> <span class='ocrx_word' id='word_1_281' title='bbox 887 2247 910 2280; x_wconf 88' lang='lat'><em>9</em></span> <span class='ocrx_word' id='word_1_282' title='bbox 933 2244 938 2287; x_wconf 92' lang='grc' dir='ltr'>Ι</span> <span class='ocrx_word' id='word_1_283' title='bbox 960 2247 1005 2278; x_wconf 87' lang='grc'>28</span> <span class='ocrx_word' id='word_1_284' title='bbox 1020 2241 1236 2278; x_wconf 85' lang='lat' dir='ltr'>Cleandrias</span> <span class='ocrx_word' id='word_1_285' title='bbox 1247 2241 1328 2277; x_wconf 80' lang='lat' dir='ltr'>GH</span> <span class='ocrx_word' id='word_1_286' title='bbox 1344 2244 1350 2288; x_wconf 84' lang='grc' dir='ltr'>Ι</span> <span class='ocrx_word' id='word_1_287' title='bbox 1371 2241 1537 2278; x_wconf 83' lang='lat' dir='ltr'>licaonas</span> 
     </span>
     <span class='ocr_line' id='line_1_44' title="bbox 185 2289 1536 2336; baseline -0.001 -9"><span class='ocrx_word' id='word_1_288' title='bbox 185 2291 215 2334; x_wconf 89' lang='lat' dir='ltr'>(i</span> <span class='ocrx_word' id='word_1_289' title='bbox 241 2303 284 2327; x_wconf 80' lang='lat' dir='ltr'>ex</span> <span class='ocrx_word' id='word_1_290' title='bbox 308 2304 333 2326; x_wconf 90' lang='lat' dir='ltr'>u</span> <span class='ocrx_word' id='word_1_291' title='bbox 364 2302 437 2327; x_wconf 80' lang='lat' dir='ltr'>ras.</span> <span class='ocrx_word' id='word_1_292' title='bbox 463 2292 581 2335; x_wconf 82' lang='lat' dir='ltr'>facta)</span> <span class='ocrx_word' id='word_1_293' title='bbox 606 2291 652 2326; x_wconf 90' lang='lat' dir='ltr'><strong><em>H</em></strong></span> <span class='ocrx_word' id='word_1_294' title='bbox 691 2292 867 2336; x_wconf 84' lang='lat' dir='ltr'>lycaonas</span> <span class='ocrx_word' id='word_1_295' title='bbox 892 2291 944 2334; x_wconf 91' lang='lat' dir='ltr'>P,</span> <span class='ocrx_word' id='word_1_296' title='bbox 982 2300 1072 2326; x_wconf 78' lang='lat' dir='ltr'>corr.</span> <span class='ocrx_word' id='word_1_297' title='bbox 1101 2289 1256 2326; x_wconf 77' lang='lat' dir='ltr'>Oasaub.</span> <span class='ocrx_word' id='word_1_298' title='bbox 1288 2300 1332 2325; x_wconf 80' lang='lat' dir='ltr'>ex</span> <span class='ocrx_word' id='word_1_299' title='bbox 1363 2289 1536 2336; x_wconf 73' lang='lat' dir='ltr'><em>Polym.</em></span> 
     </span>
     <span class='ocr_line' id='line_1_45' title="bbox 187 2336 1111 2385; baseline -0.002 -11"><span class='ocrx_word' id='word_1_300' title='bbox 187 2341 226 2382; x_wconf 78' lang='lat'>2,</span> <span class='ocrx_word' id='word_1_301' title='bbox 245 2343 306 2383; x_wconf 88' lang='lat'>10,</span> <span class='ocrx_word' id='word_1_302' title='bbox 326 2342 349 2374; x_wconf 78' lang='lat'><strong><em>4</em></strong></span> <span class='ocrx_word' id='word_1_303' title='bbox 383 2340 388 2383; x_wconf 84' lang='grc'>1</span> <span class='ocrx_word' id='word_1_304' title='bbox 423 2342 468 2375; x_wconf 88' lang='grc'>30</span> <span class='ocrx_word' id='word_1_305' title='bbox 495 2338 632 2374; x_wconf 87' lang='lat' dir='ltr'>securis</span> <span class='ocrx_word' id='word_1_306' title='bbox 642 2338 684 2385; x_wconf 70' lang='lat' dir='ltr'>sss</span> <span class='ocrx_word' id='word_1_307' title='bbox 705 2341 798 2382; x_wconf 75' lang='lat' dir='ltr'>(una</span> <span class='ocrx_word' id='word_1_308' title='bbox 824 2339 890 2374; x_wconf 80' lang='lat' dir='ltr'>litt.</span> <span class='ocrx_word' id='word_1_309' title='bbox 917 2339 1038 2381; x_wconf 85' lang='lat' dir='ltr'>erasa)</span> <span class='ocrx_word' id='word_1_310' title='bbox 1065 2336 1111 2372; x_wconf 90' lang='lat' dir='ltr'><strong><em>H</em></strong></span> 
     </span>
    </p>
   </div>
  </div>
 </body>
</html>
