1612 2488
85 760 128 792 10

156 107 215 150 54
430 106 530 143 IULI
554 106 793 143 FRONTINI
818 105 1248 144 STRATEGEMATON

156 215 363 258 aduersus
389 215 634 259 obstinatos
655 214 871 258 Samnites
898 217 1186 271 concurreret,
1208 215 1512 272 ignorantibus

157 275 247 318 suis
279 274 499 331 praecepit
525 273 684 331 Spurio
708 273 889 330 Nautio,
921 276 970 317 ut
1000 274 1127 329 pauci
1159 275 1300 318 alares
1334 278 1378 318 et
1409 290 1512 333 aga-

157 349 283 376 sones
313 334 442 377 mulis
474 334 714 377 insidentes
739 348 970 390 ramosque
1001 348 1080 389 per
1103 336 1265 377 terram
1289 335 1510 378 trahentes

156 408 182 435 a
208 393 318 436 colle
342 396 596 437 transuerso
622 407 783 450 magno
809 393 1000 436 tumultu
1025 393 1312 436 decurrerent.
1355 394 1510 450 quibus

154 454 398 509 prospectis
430 453 719 508 proclamauit
749 453 960 496 uictorem
991 452 1142 496 adesse
1174 453 1406 509 collegam,
1443 467 1510 497 oc-

155 515 366 568 cuparent
397 512 482 568 ipsi
513 512 755 567 praesentis
786 511 941 567 proelii
973 512 1176 568 gloriam:
1207 527 1292 569 quo
1321 512 1438 556 facto
1469 515 1513 556 et

154 570 343 614 Romani
373 571 531 614 fiducia
562 571 770 614 concitati
794 571 1030 627 pro<ruere
1055 574 1100 614 et
1125 571 1302 626 hostes>
1334 572 1511 628 puluere

153 630 341 685 perculsi
371 633 499 686 terga
530 633 766 673 uerterunt.

243 690 283 732 2.
332 689 495 732 Fabius
539 689 693 732 Rullus
735 688 951 732 Maximus
996 692 1151 745 quarto
1195 691 1421 733 consulatu
1465 691 1511 733 in

155 747 348 804 Samnio,
392 749 510 792 omni
550 749 679 792 modo
722 748 886 791 frustra
926 752 1107 792 conatus
1145 749 1281 792 aciem
1317 749 1511 793 hostium

101 826 105 831 ·
152 812 450 863 perrumpere,
481 808 718 851 nouissime
749 808 947 851 hastatos
981 807 1188 851 subduxit
1212 809 1434 852 ordinibus
1466 812 1511 852 et

84 1056 126 1087 15

81 1351 127 1383 20

80 1646 125 1679 25

153 882 251 910 cum
277 866 480 922 Scipione
511 868 659 924 legato
692 882 769 910 suo
802 867 1086 910 circummisit
1114 867 1326 924 iussitque
1356 868 1510 911 collem

153 941 324 981 capere,
357 941 409 969 ex
435 941 518 982 quo
545 926 714 969 decurri
739 929 911 982 poterat
934 927 980 968 in
1004 927 1197 969 hostium
1223 930 1365 982 terga:
1396 928 1511 983 quod

152 986 229 1027 ubi
266 985 430 1028 factum
469 988 552 1040 est,
591 985 799 1028 Romanis
840 986 977 1028 creuit
1016 986 1185 1028 animus
1216 989 1260 1028 et
1290 985 1508 1029 Samnites

152 1045 373 1100 perterriti
403 1045 554 1101 fugam
585 1045 814 1088 molientes
846 1045 961 1088 caesi
993 1049 1104 1088 sunt.

242 1104 282 1146 3.
326 1103 544 1146 Minucius
587 1103 727 1146 Rufus
770 1104 1025 1159 imperator,
1069 1118 1183 1146 cum*
1211 1119 1236 1146 a
1273 1102 1508 1147 Scordiscis

152 1161 371 1218 Dacisque
402 1166 680 1219 premeretur,
709 1163 866 1219 quibus
902 1163 1028 1218 inpar
1052 1165 1146 1206 erat
1170 1177 1361 1216 numero,
1385 1178 1508 1219 prae—

151 1222 274 1264 misit
304 1222 486 1265 fratrem
513 1225 556 1265 et
581 1237 740 1277 paucos
766 1237 854 1265 una
879 1222 1044 1277 equites
1077 1236 1174 1265 cum
1204 1222 1508 1266 aeneatoribus

151 1282 476 1337 praecepitque,
516 1285 580 1335 ut,
621 1296 717 1324 cum
755 1281 940 1323 uidisset
977 1283 1248 1324 contractum
1285 1282 1509 1337 proelium,

154 1340 324 1383 subitus
357 1355 408 1383 ex
440 1341 611 1383 diuerso
645 1355 690 1383 se
723 1340 971 1383 ostenderet
1001 1340 1251 1395 iuberetque
1282 1341 1507 1384 concinere

153 1402 423 1442 acneatores:
456 1399 821 1454 <re>sonantibus
854 1399 1070 1442 montium
1101 1400 1215 1456 iugis
1248 1400 1410 1455 species
1442 1400 1507 1443 in-

151 1459 295 1514 gentis
328 1459 617 1502 multitudinis
651 1459 788 1502 offusa
821 1462 886 1501 est
916 1458 1134 1513 hostibus,
1175 1473 1261 1514 qua
1290 1459 1508 1513 perterriti

152 1517 305 1560 dedere
337 1521 473 1573 terga.

239 1577 280 1619 4.
317 1576 483 1619 Acilius
517 1576 695 1619 Glabrio
728 1577 879 1619 consul
912 1576 1120 1618 aduersus
1154 1575 1359 1618 Antiochi
1390 1577 1506 1632 regis

152 1636 306 1687 aciem,
344 1651 473 1691 quam
510 1635 547 1677 is
585 1636 630 1678 in
661 1635 826 1678 Achaia
863 1649 943 1691 pro
981 1635 1198 1691 angustiis
1237 1634 1506 1691 Thermopy-

150 1695 294 1737 larum
320 1695 551 1747 direxerat,
582 1694 886 1750 iniquitatibus
913 1694 998 1737 loci
1023 1709 1111 1736 non
1136 1694 1294 1736 inritus
1319 1697 1506 1748 tantum,

152 1754 226 1796 sed
258 1768 355 1796 cum
381 1754 553 1796 ‘iactura
591 1768 760 1809 quoque
797 1753 993 1808 repulsus
1033 1755 1163 1808 esset,
1203 1753 1290 1796 nisi
1328 1753 1506 1796 circum·

245 1885 266 1916 2
293 1882 368 1916 suis
394 1893 460 1917 om.
487 1882 533 1917 H
536 1882 546 1901 ¹
568 1883 572 1926 Ι
603 1882 798 1927 agasiones
825 1882 870 1916 Η
874 1881 884 1901 ¹
911 1883 916 1926 1
951 1885 972 1917 3
998 1880 1126 1916 multis
1151 1880 1198 1916 H
1221 1882 1226 1925 Ι
1259 1891 1505 1925 romanosque

150 1928 196 1964 H
214 1930 218 1972 1
254 1932 274 1963 5
301 1929 390 1964 adse
410 1929 456 1964 Η
474 1931 478 1972 Ι
507 1931 780 1975 occupauerent
798 1929 856 1964 H¹
878 1930 884 1975 Ι
915 1932 936 1964 6
962 1927 1063 1964 facta
1080 1927 1126 1962 H
1129 1927 1139 1947 ¹
1161 1929 1166 1971 1
1198 1930 1218 1962 7
1244 1937 1387 1963 romam
1412 1926 1504 1962 fidn-

148 1976 243 2012 tiam
262 1976 308 2010 H
312 1976 321 1995 ¹
343 1979 348 2020 1
371 1977 550 2011 concitati
574 1987 749 2021 proruere
776 1979 814 2012 et
838 1977 965 2011 hostes
988 1975 1142 2020 puluere
1162 1974 1297 2010 Hartel
1326 1972 1506 2010 concitati

149 2023 347 2069 propulere
368 2023 454 2057 ΗΡ
481 2023 660 2058 concitati
686 2024 772 2058 sunt
797 2025 836 2059 et
861 2022 1045 2059 Samnites
1070 2031 1161 2066 prae
1186 2021 1338 2067 puluere
1358 2021 1384 2056 d
1419 2031 1504 2056 con-

150 2070 259 2105 citati
284 2070 482 2115 propulere
508 2070 634 2106 hostes
662 2071 700 2105 et
720 2070 906 2106 Samnites
931 2081 1022 2115 prae
1041 2069 1194 2114 puluere
1216 2068 1329 2104 0ud.:
1354 2068 1400 2112 cf.
1415 2067 1504 2105 Liu.

149 2121 215 2161 10,
233 2120 376 2153 40-41
413 2118 419 2160 Ι
453 2120 474 2152 8
507 2117 688 2161 perculsit
712 2118 754 2152 H
784 2122 869 2154 ante
898 2128 971 2153 ras.
1010 2114 1178 2161 perpulsi
1204 2115 1242 2150 P
1272 2117 1278 2158 1
1318 2119 1339 2150 9
1371 2114 1504 2151 Rullus

149 2164 314 2211 Scaliyer
338 2163 487 2200 rutilius
508 2164 596 2198 ΗΡ
618 2164 814 2200 Rullianus
837 2165 970 2201 Gran..-
994 2163 1039 2207 cf.
1060 2162 1182 2208 praef.
1200 2161 1228 2208 §
1247 2165 1291 2205 ‚11
1315 2163 1321 2208 Ι
1357 2165 1409 2198 14’
1424 2166 1506 2208 post

150 2214 207 2247 est
231 2223 310 2247 wna
334 2212 405 2248 litt.
433 2212 487 2255 (et
510 2210 545 2254 ἓ)
571 2222 677 2247 crasa
697 2212 742 2246 H
766 2215 770 2256 1
806 2216 848 2247 16
873 2210 923 2247 Μ.
944 2210 1082 2245 mutius
1101 2209 1147 2245 H
1168 2209 1347 2245 Minutius
1369 2210 1430 2250 ΡΙ
1461 2214 1504 2246 17

148 2259 257 2304 inpar
282 2259 378 2305 erat]
405 2258 607 2304 imperaret
629 2259 675 2293 H
693 2261 696 2299 Ι
726 2263 771 2294 20
799 2259 969 2294 subditus
988 2257 1034 2293 H
1037 2257 1048 2277 ¹
1069 2258 1073 2300 Ι
1102 2260 1145 2291 21
1173 2256 1390 2292 sonantibus
1409 2257 1455 2292 Η
1458 2257 1504 2301 P,

149 2317 212 2341 em.
236 2306 350 2342 Gron.
375 2309 379 2348 Ι
408 2309 452 2341 22
480 2305 595 2340 effusa
621 2306 667 2340 H
690 2308 694 2350 Ι
727 2309 771 2340 25
798 2306 856 2340 his
877 2305 935 2341 H²
958 2307 962 2349 Ι
992 2305 1030 2339 in
1054 2304 1223 2339 achaiam
1253 2304 1313 2347 P}
1340 2304 1504 2340 thermo·

149 2353 337 2398 philarum
364 2354 408 2388 H
435 2356 440 2397 Ι
474 2356 518 2387 27
548 2352 766 2388 cummissus
792 2353 839 2388 H
