1612 2488
106 452 127 484 5

83 748 126 780 10

85 1043 127 1076 15

82 1340 128 1372 20

83 1635 127 1667 25

154 95 212 139 36
429 95 528 132 IULI
552 95 788 133 FRONTINI
814 95 1243 133 STRATEGEMATON

243 204 283 248 5.
327 204 654 260 Epaminondas
693 204 926 247 Thebanus
971 204 1240 248 contristatis
1283 206 1511 264 militibus,

155 264 270 320 quod
301 278 352 306 ex
382 264 512 306 hasta
545 263 637 306 eius
669 266 971 306 ornamentum
1007 263 1169 307 infulae
1202 278 1322 308 more
1353 265 1511 323 depen-

154 323 260 365 dens
309 325 467 365 uentus
518 323 715 365 ablatum
762 322 809 365 in
858 322 1135 378 sepulchrum
1178 323 1511 368 Lacedaemonii

154 382 375 425 cuiusdam
402 382 644 437 depulerat,
672 381 850 437 ‘nolite',
875 382 1034 437 inquit,
1060 381 1251 438 ‘milites,
1274 384 1510 441 trepidare3

154 441 509 484 Lacedaemoniis
548 441 822 497 significatur
859 441 1081 484 interitus:
1125 442 1354 498 sepulchra
1393 443 1510 487 enim

152 500 377 544 funeribus
409 499 648 544 ornantur'.

242 560 281 602 6.
319 559 460 615 Idem,
492 574 589 602 cum
619 559 694 602 fax
725 559 777 601 de
810 559 931 602 caelo
963 561 1091 602 nocte
1122 559 1302 615 delapsa
1332 575 1406 604 eos
1437 561 1512 617 qui

153 618 555 662 animaduerterunt
584 619 828 674 terruisset,
859 617 1063 674 ‘lumen',
1098 618 1259 674 inquit,
1298 619 1403 663 ‘hoc
1432 634 1511 663 nu-

150 678 270 721 mina
301 677 572 721 ostendunt’.

243 738 281 780 7.
321 737 457 792 Idem,
487 737 680 779 instante
713 736 922 779 aduersus
954 736 1320 780 Lacedaemonios
1351 751 1511 794 pugna,

154 810 252 839 cum
284 796 419 839 sedile
454 796 500 838 in
532 810 618 852 quo
648 795 869 838 resederat
900 796 1196 839 succubuisset
1229 798 1274 839 et
1303 796 1348 839 id
1377 797 1510 853 uulgo

152 870 232 911 pro
274 855 394 898 tristi
434 855 741 911 [exciperetur]
783 854 1101 911 significatione
1118 871 1121 874 ’
1141 854 1311 898 confusi
1348 856 1509 899 milites

152 915 564 971 interpretarentur,
595 912 775 969 ‘immo',
805 914 963 970 inquit,
995 914 1210 957 ‘uetamur
1239 914 1415 957 sedere'.

244 975 282 1017 8.
315 972 361 1016 G.
385 972 601 1029 Sulpicius
629 972 779 1015 Gallus
812 973 1027 1016 defectum
1057 973 1186 1016 lunae
1216 973 1511 1026 inminentem,

153 1047 208 1075 ne
239 1047 319 1088 pro
353 1035 526 1075 ostento
559 1031 806 1087 exciperent
835 1032 1015 1088 milites,
1051 1032 1268 1087 praedixit
1303 1032 1512 1088 futurum,

155 1091 314 1136 additis
347 1091 590 1134 rationibus
623 1092 850 1146 causisque
882 1091 1147 1134 defectionis.

243 1151 284 1194 9.
315 1149 584 1205 Agathocles
611 1148 909 1205 Syracusanus
936 1150 1143 1193 aduersus
1169 1150 1352 1205 Poenos,
1377 1150 1511 1193 simili

154 1210 347 1252 eiusdem
379 1210 533 1253 sideris
566 1209 859 1252 deminutione
891 1209 992 1264 quia
1024 1210 1103 1252 sub
1130 1209 1243 1251 diem
1267 1222 1437 1266 pugnae
1462 1211 1512 1252 ut

152 1268 355 1325 prodigio
387 1269 550 1311 milites
583 1269 651 1311 sui
682 1269 950 1311 consternati
982 1270 1124 1323 erant,
1153 1268 1322 1311 ratione
1351 1282 1436 1323 qua
1466 1268 1511 1310 id

153 1328 368 1372 accideret
386 1324 586 1383 exposita
604 1328 761 1379 docuit,
788 1327 996 1384 quidquid
1020 1327 1130 1370 illud
1147 1327 1273 1381 foret,
1293 1327 1348 1370 ad
1365 1341 1511 1370 rerum

152 1389 374 1443 naturam,
405 1402 494 1431 non
525 1387 579 1429 ad
608 1387 805 1442 ipsorum
835 1387 1110 1442 propositum
1141 1387 1369 1441 pertinere.

246 1443 314 1489 10.
345 1446 547 1498 Pericles,
578 1460 676 1488 cum
707 1446 753 1487 in
785 1448 928 1488 castra
959 1446 1048 1488 eius
1080 1445 1244 1488 fulmen
1279 1444 1511 1488 decidisset
1535 1469 1541 1476 ·

153 1506 465 1561 terruissetque
502 1505 686 1558 milites,
725 1505 937 1547 aduocata
973 1504 1173 1547 contione
1209 1503 1427 1559 lapidibus
1464 1504 1510 1545 in

154 1567 389 1620 conspectu
426 1564 619 1607 omnium
649 1563 826 1606 conlisis
859 1563 1006 1619 ignem
1037 1563 1227 1606 excussit
1257 1562 1508 1618 sedauitque

154 1623 544 1678 conturbationem,
569 1637 666 1666 cum
688 1622 906 1665 docuisset
926 1622 1125 1664 similiter
1143 1622 1324 1664 nubium
1343 1621 1509 1664 adtritu

154 1683 295 1726 excuti
324 1682 501 1725 fulmen.

248 1743 313 1784 11.
363 1741 614 1784 Timotheus
659 1740 944 1784 Atheniensis
995 1739 1201 1782 aduersus
1245 1738 1508 1795 Corcyraeos

255 1874 272 1904 1
307 1869 585 1914 Epimanondas
618 1868 698 1905 GH
732 1869 737 1914 Ι
776 1868 984 1903 theobanus
1015 1867 1074 1902 ΗἸ
1108 1869 1114 1912 Ι
1153 1870 1174 1902 2
1205 1866 1411 1912 inpendens
1438 1865 1470 1902 Ο
1499 1866 1504 1912 1

157 1921 180 1952 4
204 1916 392 1952 detulerat
420 1916 511 1951 Oud.
537 1918 542 1961 Ι
570 1919 591 1951 5
615 1915 772 1952 interius
797 1915 844 1951 H
846 1914 857 1934 ¹
884 1917 890 1959 Ι
923 1919 944 1950 6
970 1913 1185 1950 muneribus
1208 1913 1307 1949 Buh.
1338 1913 1377 1948 in
1401 1912 1508 1948 fune-

156 1963 259 1998 ribus
285 1963 323 1998 S.
339 1963 383 1998 G.
399 1963 457 1999 De
477 1963 580 1999 Vries
602 1965 607 2007 Ι
630 1967 650 1998 7
678 1960 1154 2008 quianonaduerteruntff
1178 1960 1243 2006 qui
1265 1959 1508 1996 aduerterunt

156 2011 217 2056 ΡΙ
254 2014 295 2045 11
324 2008 482 2056 sedislsle
507 2011 618 2053 (duae
643 2011 712 2046 litt.
737 2011 878 2054 erasae)
898 2009 945 2044 H
961 2010 968 2054 Ι
997 2012 1040 2044 12
1066 2008 1298 2053 exciperetur
1321 2007 1389 2043 del.
1409 2007 1509 2044 edd..-

156 2058 202 2102 cf.
225 2057 344 2102 praef.
370 2056 398 2103 5
417 2059 464 2092 13
498 2058 504 2102 l
538 2056 851 2102 significationem
876 2056 920 2091 H
943 2059 1027 2091 ante
1049 2065 1123 2092 ras.
1149 2057 1182 2090 et
1202 2054 1240 2089 P
1270 2055 1275 2099 Ι
1308 2064 1376 2099 pro
1407 2053 1509 2090 tristi

157 2104 389 2150 exciperetur
420 2104 707 2150 significatione,
744 2105 782 2139 et
813 2104 866 2140 sic
897 2101 1042 2138 confusi
1065 2102 1091 2138 d
1126 2111 1194 2146 pro
1220 2101 1246 2136 t.
1276 2099 1508 2147 exciperetur

155 2151 440 2243 {gffssssffii'ff‘
451 2150 934 2243 Ϊὲἓᾶίξῑῗῧᾶοὲνῗὲἒίἵῆ·
955 2148 1182 2232 '13421931235
1185 2158 1262 2240 ἑή
1277 2148 1508 2248 ἒῗέέέοῖ

155 2247 232 2282 cles
245 2246 291 2282 H
295 2246 332 2281 P
351 2247 357 2291 Ι
381 2210 519 2290 18Pqua
536 2245 604 2281 721³
622 2247 626 2289 1
649 2249 694 2280 20
714 2245 909 2281 accederet
923 2243 1014 2288 ΗΡ,
1039 2253 1130 2279 corr.
1150 2243 1227 2278 edd.
1254 2242 1436 2278 acciderit
1452 2243 1479 2278 d
1497 2241 1506 2290 Ι

157 2298 202 2333 23
228 2292 494 2338 terruissetque
521 2294 610 2338 (que
634 2295 830 2337 superscr.)
848 2291 895 2327 H
911 2292 917 2334 1
947 2293 994 2326 24
1019 2290 1258 2336 conspectum
1282 2289 1343 2334 ΡΙ
1371 2293 1417 2326 25
1442 2289 1507 2325 ad-

156 2340 267 2376 tritus
286 2341 332 2376 H
352 2343 437 2377 ante
454 2350 527 2376 ras.
555 2339 562 2385 Ι
593 2342 637 2374 27
665 2349 855 2384 cercyreos
873 2338 920 2374 H
939 2337 1119 2374 cei-circos
1144 2336 1188 2380 P,
1213 2347 1305 2373 corr.
1331 2337 1410 2373 edd.
