1578 2508
641 87 926 125 PRAEFATIO.
1391 87 1459 123 XV

107 200 185 255 25,
204 200 275 243 24.
305 198 470 255 33,-15.
502 198 578 252 58,
598 198 667 240 22.
698 198 768 252 68,
787 198 855 240 26.
887 197 957 251 93,
978 197 1016 239 8.
1052 196 1147 250 101,
1170 196 1237 239 14.
1272 197 1367 250 106,
1390 197 1456 239 16.

110 282 160 290 -
206 275 248 315 p.
282 259 355 310 16,
380 258 438 300 24
483 257 706 299 habebat
749 256 906 298 iniuria
948 258 1096 298 tuetur
1139 254 1312 309 Hartel,
1362 269 1460 298 cum

106 316 378 375 parenthesis
404 317 459 359 ab
486 318 670 370 auctore,
695 330 781 371 qua
806 318 873 357 est
899 315 1124 367 breuitate,
1149 329 1237 356 non
1258 314 1457 356 adhibea-

106 380 195 433 tur;
228 376 362 419 uerba
393 375 507 418 enim
538 390 579 430 p.
606 375 675 428 79,
699 374 756 417 28
786 389 901 416 nam
933 407 943 416 .
963 407 972 416 .
993 405 1004 416 .
1034 375 1146 415 erat
1177 373 1320 415 aliena
1346 376 1460 416 sunt.

106 460 166 467 —-
195 451 236 491 p.
264 434 379 490 19,5
417 449 513 476 cum
552 433 814 475 editionibus
846 432 1063 487 prioribus
1100 433 1315 474 inflexit
1351 432 1460 487 dedi,

107 495 210 551 quia
247 493 462 549 praesenti
504 492 711 534 historico
750 495 900 534 auctor
936 506 1174 547 numquam
1214 492 1364 535 utitur.
1402 515 1459 522 —-

105 568 147 609 p.
172 553 251 607 53,
270 551 327 595 25
364 552 410 594 in
443 551 779 593 trucidabant
810 551 989 605 pluralis
1022 550 1234 592 sollemne
1265 550 1460 593 codicum

106 612 265 654 uitium
295 610 483 661 uidetur,
516 610 568 652 cf.
592 626 634 665 p.
660 609 728 663 30,
752 610 816 652 13.
849 610 917 663 31,
941 609 1006 652 15.
1030 609 1083 651 16
1110 609 1165 652 al.

197 671 224 723 ἓ
259 670 325 713 13.
387 668 588 723 Vestigia
623 669 832 722 duplicum
865 669 1078 711 lectionum
1087 701 1099 723 ,
1142 683 1252 724 quae
1288 668 1376 710 iam
1414 668 1461 710 in

110 729 303 772 omnium
335 727 530 770 codicum
562 727 799 783 archetypo
833 727 1084 782 exstabant,
1116 731 1288 769 seruata
1313 727 1461 770 uiden-

107 790 180 830 tur
210 787 280 830 his
312 787 437 829 locis:
469 787 546 840 61,
570 787 628 828 20
659 786 884 840 deptulit
914 785 988 828 Η1
1029 786 1220 828 detulit
1250 786 1306 840 P;
1338 787 1406 840 66,
1433 787 1459 828 2

108 845 440 902 quiescentes
472 845 528 886 H
570 845 899 899 quiescentes
930 845 986 898 P;
1037 845 1111 898 83,
1136 846 1192 887 26
1238 846 1368 887 alias
1413 851 1462 887 et

107 904 305 947 nobilis
323 903 438 959 HP3
473 903 569 957 134,
591 904 643 945 11
672 918 855 946 causae
886 903 1157 946 deductum
1176 903 1276 946 HG
1307 918 1461 946 causa

109 963 348 1006 eductum
367 962 423 1017 P,
456 963 552 1016 140,
572 963 599 1004 3
625 962 763 1017 galei
794 962 958 1004 oculis
978 961 1080 1004 HG
1111 963 1389 1018 galeiculis
1410 963 1459 1004 P.

201 1020 460 1064 Glossemata
498 1021 612 1062 inter
643 1021 776 1063 uerba
808 1022 995 1064 auctoris
1027 1021 1226 1063 immixta
1257 1022 1461 1078 leguntur

105 1081 177 1135 47,
199 1080 267 1122 10.
304 1080 376 1135 52,
394 1080 452 1122 26
485 1078 754 1135 (exgentes
787 1101 843 1114 =
877 1078 1177 1136 sexcentos).
1228 1081 1298 1135 60,
1317 1082 1356 1122 2.
1391 1081 1461 1132 61,

105 1140 176 1182 21.
210 1139 402 1193 133,20.
437 1138 539 1191 134,
562 1139 628 1181 18.
670 1139 772 1193 143,
801 1139 873 1193 163
917 1139 1103 1181 fortasse
1141 1139 1271 1181 etiam
1304 1141 1377 1192 73,
1406 1140 1459 1182 16

105 1197 450 1240 Romanorum
489 1200 532 1239 et
565 1198 667 1252 142,
691 1198 745 1240 12
784 1200 997 1240 secreto.
1058 1197 1124 1239 De
1162 1199 1259 1240 aliis
1298 1198 1461 1240 addita-

106 1257 266 1298 mentis
298 1256 608 1298 recentioribus
652 1256 705 1298 cf.
737 1258 763 1309 ἓ
793 1257 860 1299 11.

193 1316 220 1367 ἓ
254 1315 322 1357 14.
371 1314 680 1370 Supplementa
712 1315 1003 1358 adnotationis
1036 1315 1230 1358 addenda
1261 1319 1361 1357 sunt
1386 1315 1456 1357 his

106 1373 231 1416 locis:
271 1388 312 1428 p.
343 1373 383 1428 3,
417 1374 490 1426 16]
540 1373 872 1416 deficiemur
920 1375 1075 1429 scripsi
1124 1389 1223 1416 cum
1271 1375 1458 1430 uestigia

109 1432 265 1474 codicis
283 1432 340 1474 H
364 1435 554 1483 secutus,
584 1435 677 1474 tum
710 1433 810 1488 quia
840 1433 986 1475 futuro
1017 1436 1211 1488 tempore
1243 1434 1288 1474 in
1318 1434 1459 1475 titulis

108 1493 261 1533 auctor
290 1491 355 1532 uti
386 1491 513 1543 solet,
545 1491 597 1533 cf.
622 1507 663 1546 p.
688 1492 728 1544 3,
747 1492 816 1534 25.
850 1493 918 1545 38,
939 1493 1007 1534 21.
1040 1492 1109 1544 39,
1132 1493 1168 1534 1.
1201 1492 1269 1547 88,
1292 1493 1358 1534 15.
1391 1493 1459 1546 89,

108 1549 149 1592 5.
172 1549 238 1591 14.
259 1573 314 1578 —
340 1564 381 1604 p.
403 1550 472 1604 11,
494 1550 566 1602 13]
601 1565 651 1592 se
684 1554 933 1592 uexarent
959 1551 1066 1592 coni.
1087 1550 1387 1594 Wachsmuth.
1403 1575 1458 1581 --

21 1645 26 1648 .
106 1621 148 1662 Ρ.
182 1608 256 1660 14,
275 1608 351 1659 30]
390 1608 442 1650 cf.
473 1608 677 1663 Polyaen.
703 1610 745 1660 4,
764 1611 803 1662 2,
823 1610 870 1663 83
908 1609 1078 1651 uidetur
1109 1609 1362 1664 Bosphorus
1397 1610 1458 1651 in-

106 1665 269 1720 tellegi.
300 1689 357 1695 —
389 1681 428 1720 p.
463 1666 537 1719 15,
558 1667 632 1719 25]
672 1668 836 1709 conicio
868 1668 1211 1710 traiciendum
1243 1668 1460 1710 haberet

107 1726 184 1765 aut
206 1737 415 1765 necesse
447 1724 666 1766 haberet
696 1726 919 1767 traicere
946 1725 1026 1781 (sic
1051 1727 1185 1768 uerba
1210 1727 1459 1769 collocanda

108 1784 210 1823 sunt
234 1783 337 1824 colla
351 1797 389 1836 p.
410 1783 479 1834 20,
502 1783 567 1824 13.
598 1784 667 1836 28,
691 1784 727 1824 1.
758 1783 930 1840 31,10),
961 1799 1061 1826 nam
1093 1786 1326 1827 necessitas
1358 1787 1457 1827 trai-

107 1840 248 1882 ciendi
279 1839 469 1883 Sertorio
506 1841 711 1897 imposita
743 1844 819 1884 est.
853 1866 908 1872 —
952 1858 992 1897 p.
1022 1843 1096 1896 29,
1117 1844 1192 1896 25]
1225 1844 1458 1886 infirmis

108 1902 287 1954 propter
306 1900 673 1954 praepositionem
693 1915 804 1942 cum
825 1904 976 1944 natum
998 1902 1180 1956 uidetur,
1200 1903 1250 1945 cf.
1265 1919 1304 1958 p.
1317 1904 1457 1957 20,l2.

107 1980 167 1987 —
206 1973 247 2013 p.
278 1957 419 2012 33‚5]
453 1973 711 2013 purpurea
743 1962 792 2001 et
822 1960 1081 2015 promissa
1111 1975 1252 2003 coma
1281 1962 1457 2004 Wachs-

108 2016 244 2058 muth.
276 2040 325 2046 —
359 2032 399 2071 p.
425 2017 494 2070 33,
517 2019 590 2070 15]
624 2018 874 2060 adorabat
904 2019 1204 2061 Wachsmuth.
1234 2044 1290 2050 —
1323 2036 1362 2074 p.
1388 2021 1457 2074 34,

110 2075 181 2126 12]
209 2090 422 2130 quorum
441 2099 500 2106 —
518 2077 716 2132 tegitur
741 2077 881 2119 delere
898 2079 1064 2121 mauult
1079 2079 1379 2121 Wachsmuth.
1404 2103 1453 2109 -—-

108 2147 149 2186 p.
182 2133 252 2187 36,
278 2133 322 2186 9]
362 2135 594 2176 ostendit
625 2135 926 2179 Wachsmuth.
961 2160 1011 2167 -—
1046 2153 1084 2192 p.
1115 2138 1191 2190 41,
1221 2138 1262 2190 1]
1306 2139 1455 2179 anhe-

110 2191 304 2233 lantem
346 2192 618 2235 retinendum
658 2194 844 2247 uidetur,
880 2196 975 2237 coll.
1006 2212 1046 2251 p.
1079 2197 1148 2250 69,
1168 2197 1368 2238 23—25.
1403 2221 1453 2227 —

109 2263 152 2302 p.
182 2249 360 2303 52,21]
408 2250 804 2307 Palaepharsali
847 2257 961 2296 recte
1006 2255 1121 2306 edd.,
1170 2269 1270 2295 nam
1314 2255 1456 2309 plura-

111 2306 166 2348 lis
207 2323 422 2363 nusquam
461 2310 548 2366 legi
586 2311 767 2354 uidetur.
800 2336 857 2342 ——
894 2328 934 2368 p.
967 2313 1041 2367 52,
1062 2314 1137 2366 26]
1183 2314 1455 2369 exingente
