1612 2488
91 761 133 794 10

91 1056 133 1088 15

89 1353 134 1386 20

90 1648 135 1681 25

159 107 216 150 56
436 107 537 144 IULI
561 105 797 143 FRONTINI
823 105 1254 143 STRATEGEMATON

160 230 259 259 cum
291 216 419 258 duces
452 214 679 258 Gallorum
710 214 798 257 XII
828 214 1030 258 cohortes
1067 229 1164 258 cum
1194 213 1241 258 G.
1265 213 1516 271 Pomptinio

160 277 203 317 et
235 274 284 325 Q.
308 274 471 318 Marcio
504 274 617 317 Rufo
655 275 815 331 legatis
854 277 955 330 post
988 276 1181 317 montem
1217 274 1517 317 circummisit:
1570 273 1574 276 ⁴

160 349 269 390 quae
319 349 416 377 cum
466 334 698 377 commisso
748 334 837 376 iam
883 333 1049 389 proelio
1093 348 1120 376 a
1160 335 1284 390 tergo
1329 333 1516 376 clamore

160 393 331 436 sublato
364 393 723 449 decucurrissent,
753 393 818 435 ita
846 392 1053 435 fuderunt
1080 392 1248 447 hostes,
1278 394 1328 435 ut
1356 393 1517 448 ubique

158 452 283 509 fuga,
313 467 528 508 nusquam
559 466 705 509 pugna
735 454 1043 508 capesseretur.

250 513 289 556 8.
319 510 377 555 Μ.
396 510 647 568 Marcellus,
673 526 770 554 cum
794 514 1034 566 uereretur‚
1065 525 1120 553 ne
1146 510 1413 566 paucitatem
1437 510 1515 553 mi—

159 571 287 613 litum
324 571 414 613 eius
453 571 618 614 clamor
661 571 900 627 detegeret,
943 570 1072 612 simul
1109 570 1221 612 lixas
1258 569 1518 625 calonesque

160 633 203 672 et
247 630 388 673 omnis
432 630 603 686 generis
649 630 862 685 sequellas
906 629 1176 672 conclamare
1218 629 1346 671 iussit
1388 631 1517 685 atque

158 689 331 733 hostem
361 690 509 745 magni
542 690 755 732 exercitus
787 689 929 744 specie
961 688 1182 731 exterruit.

249 749 289 792 9.
338 748 539 791 Valerius
582 747 798 792 Laeuinus
844 748 1050 792 aduersus
1093 746 1328 803 Pyrrhum,
1373 745 1516 789 occiso

160 808 362 863 quodam.
397 808 564 864 gregali
607 810 758 850 tenens
809 807 1000 863 gladium
1050 808 1294 860 cruentum,
1342 805 1518 862 utrique

160 867 366 910 exercitui
389 867 608 922 persuasit
631 866 853 922 Pyrrhum
878 867 1204 921 interemptum:
1234 865 1518 921 quamobrem

159 926 309 970 hostes
336 926 570 969 destitutos
597 941 642 968 se
668 926 786 969 ducis
812 928 950 969 morte
976 925 1218 979 credentes,
1249 923 1517 967 consternati

161 1001 185 1028 a
216 985 437 1028 mendacio
468 986 516 1027 in
547 988 691 1028 castra
723 1000 767 1027 se
799 984 947 1040 pauidi
978 986 1243 1039 receperunt.

253 1045 319 1088 10.
351 1044 565 1100 Iugurtha
588 1045 635 1087 in
659 1043 866 1087 Numidia
891 1044 1096 1086 aduersus
1124 1041 1170 1085 04
1189 1041 1390 1096 Marium,
1420 1055 1518 1084 cum

159 1102 340 1146 Latinae
379 1117 549 1159 quoque
589 1103 763 1160 linguae
799 1118 927 1145 usum
958 1103 997 1145 ei
1028 1101 1298 1160 conuersatio
1329 1100 1519 1156 pristina

160 1166 400 1206 castrorum
439 1162 645 1217 dedisset,
682 1163 729 1204 in
764 1162 952 1218 primam
990 1161 1126 1203 aciem
1163 1159 1435 1216 procucurrit
1472 1161 1518 1202 et

160 1222 348 1265 occisum
385 1237 411 1265 a
448 1236 493 1264 se
526 1220 572 1264 O.
605 1221 794 1264 Marium
832 1221 946 1264 clare
984 1219 1251 1276 praedicauit
1287 1221 1417 1275 atque
1453 1218 1518 1261 ita

160 1281 321 1324 multos
351 1284 602 1324 nostrorum
634 1281 804 1323 auertit.
1422 1332 1425 1333 ⁷

252 1342 319 1384 11.
354 1339 605 1396 Myronides
637 1340 918 1382 Atheniensis
950 1337 1081 1381 dubio
1111 1337 1278 1393 proelio
1310 1337 1518 1380 aduersus

162 1399 394 1442 Thebanos
419 1414 511 1442 rem
531 1414 686 1456 gerens
706 1401 883 1455 repente
903 1398 948 1440 in
968 1397 1168 1440 dextrum
1187 1411 1364 1440 suorum
1383 1410 1517 1438 cornu

161 1459 365 1514 prosiluit
403 1462 446 1501 et
483 1459 745 1502 exclamauit
782 1458 960 1501 sinistro
998 1456 1088 1499 iam
1126 1470 1172 1498 se
1214 1455 1388 1499 uicisse:
1433 1469 1521 1510 qua

161 1533 206 1561 re
238 1521 282 1560 et
314 1518 402 1560 suis
435 1518 660 1560 alacritate
693 1519 737 1559 et
766 1516 967 1560 hostibus
998 1515 1156 1558 iniecto
1189 1517 1307 1556 metu
1338 1514 1453 1556 uicit.

254 1577 322 1620 12.
366 1575 550 1619 Croesus
593 1576 844 1632 praeualido
889 1575 1079 1617 hostium
1123 1573 1337 1630 equitatui
1380 1585 1517 1615 came-

161 1636 302 1679 lorum
347 1649 524 1692 gregem
568 1635 790 1691 opposuit,
834 1648 1018 1690 quorum
1059 1633 1256 1676 nouitate
1300 1635 1344 1675 et
1385 1631 1518 1674 odore

161 1695 427 1738 consternati
446 1695 546 1750 equi
569 1709 657 1737 non
684 1695 824 1737 solum
849 1693 1085 1736 insidentes
1110 1691 1519 1748 praecipitauerunt,

163 1755 238 1797 sed
269 1754 464 1810 peditum
496 1768 665 1810 quoque
692 1768 868 1796 suorum
900 1752 1072 1796 ordines
1103 1750 1401 1807 protriuerunt
1424 1749 1519 1792 uin-

163 1814 405 1868 cendosque
436 1813 555 1856 hosti
586 1813 889 1869 praebuerunt.

255 1873 320 1914 13.
353 1872 544 1927 Pyrrhus
567 1871 849 1927 Epirotarum
880 1886 955 1914 rex
986 1884 1066 1925 pro
1093 1868 1340 1911 Tarentinis
1367 1867 1519 1910 aduer-

259 1980 277 2011 1
306 1976 396 2011 ‚XIL
421 1977 446 2011 h
474 1978 478 2020 1
507 1980 527 2011 2
554 1975 691 2011 martio
716 1976 763 2012 H
768 1975 805 2010 P
839 1973 1003 2010 Minucio
1032 1973 1124 2009 Oua.
1154 1975 1159 2015 Ι
1184 1976 1207 2007 3
1233 1971 1298 2017 qui
1322 1971 1374 2012 d!
1406 1973 1430 2004 4
1456 1969 1518 2005 de-

162 2024 361 2059 currissent
385 2022 431 2059 H
448 2024 454 2067 Ι
489 2028 510 2058 6
536 2024 747 2059 uerteretur
771 2022 830 2058 Η1
852 2025 857 2064 Ι
893 2026 912 2057 7
938 2020 1043 2056 laxas
1069 2020 1127 2056 Η1
1155 2019 1160 2067 Ι
1192 2023 1214 2055 8
1239 2020 1352 2063 atqoe
1376 2016 1433 2052 ita
1457 2017 1483 2053 d
1510 2015 1516 2062 1

162 2075 183 2107 9
214 2069 395 2107 exterruit
423 2070 574 2113 (terruit
597 2072 640 2106 in
664 2081 737 2106 ras.
756 2071 796 2114 h)
823 2069 868 2105 H
885 2072 890 2112 Ι
927 2072 970 2104 10
1001 2068 1148 2103 lauinus
1173 2066 1220 2102 H
1245 2068 1252 2111 Ι
1283 2075 1437 2111 pyrrum
1463 2063 1518 2099 P.-

162 2120 246 2155 item
271 2118 376 2162 infra
403 2118 408 2162 Ι
445 2120 486 2151 11
514 2116 634 2161 regali
659 2118 681 2152 h
715 2119 721 2163 Ι
764 2121 806 2152 13
833 2115 1018 2152 credentis
1046 2115 1082 2150 P
1108 2117 1113 2158 Ι
1139 2117 1197 2149 ,15
1222 2112 1422 2158 lui-gurtha
1440 2110 1487 2147 H

166 2170 208 2202 17
236 2165 428 2201 dedissent
453 2163 500 2199 H
522 2169 527 2208 Ι
562 2168 607 2199 20
633 2164 846 2209 Myrodines
872 2163 918 2199 H
945 2163 950 2207 Ι
984 2166 1028 2198 21
1056 2172 1208 2197 cornum
1234 2159 1281 2195 H
1301 2162 1385 2194 ante
1407 2168 1482 2194 ras.

164 2217 208 2249 22
236 2212 428 2248 sinistrum
447 2211 494 2246 H
511 2212 516 2254 Ι
550 2214 595 2245 23
622 2211 859 2247 alacritatem
877 2212 901 2246 h
922 2211 928 2254 1
962 2213 1008 2244 24
1027 2208 1183 2245 Croesus
1208 2206 1296 2242 ΗΡ
1319 2205 1435 2252 Cyrus
1455 2205 1519 2240 ad-

166 2272 290 2296 uersus
311 2259 488 2295 Croesum
517 2258 631 2294 Gron.
658 2259 736 2294 coll.
757 2258 932 2294 Herodot.
954 2260 988 2300 1,
1001 2259 1060 2293 80.
1089 2255 1265 2301 Polyaen.
1292 2257 1328 2298 7,
1348 2256 1384 2298 6,
1403 2255 1445 2288 6:
1470 2252 1518 2296 cf.

157 2309 280 2354 praef.
301 2307 328 2354 5
348 2309 392 2342 11
416 2308 421 2351 l
455 2305 625 2350 equitatu
647 2305 684 2339 P
703 2306 709 2351 1
743 2309 788 2340 25
813 2305 966 2340 horrore
987 2304 1024 2339 P
1043 2305 1050 2348 1
1083 2307 1127 2338 26
1152 2300 1423 2337 reconsternati
1440 2298 1487 2335 H
1511 2299 1516 2344 Ι

164 2360 208 2391 27
235 2354 518 2401 proterruerunt
541 2353 566 2388 d
594 2354 598 2396 Ι
631 2356 675 2388 29
701 2353 838 2397 Pyrrus
858 2352 896 2387 P
1540 2369 1545 2372 -
