1612 2488
186 49 244 91 64
458 49 558 86 IULI
582 48 819 89 FRONTINI
847 49 1279 87 STRATEGEMATON

185 158 327 213 prima
371 158 484 212 luce,
531 158 692 200 nebula
736 173 906 214 quoque
950 158 1140 214 adiutus,
1189 159 1324 203 aciem
1368 159 1540 204 direxit:

185 217 427 260 Flaminius
469 218 588 260 uelut
623 217 863 273 fugientem
900 218 1148 274 insequens,
1185 232 1284 261 cum
1314 221 1541 276 angustias

188 279 301 319 esset
326 277 563 333 ingressus,
587 291 677 319 non
697 279 796 319 ante
822 277 1014 332 prouidit
1038 276 1232 332 insidias,
1257 292 1388 334 quam
1413 278 1543 321 simul

188 351 212 378 a
237 336 400 390 fronte,
428 336 654 390 lateribus,
678 338 802 392 tergo
827 336 1110 379 circumfusus
1135 337 1189 379 ad
1213 337 1542 381 internicionem

140 404 161 436 5
188 410 284 438 cum
317 395 508 438 exercitu
539 395 800 438 caederetur.
1470 434 1474 440 .

277 455 347 498 25.
389 454 511 497 Idem
554 454 778 497 Hannibal
823 454 1030 497 aduersus
1068 454 1244 498 Iunium
1287 455 1544 499 dictatorem

187 517 314 557 nocte
341 514 604 569 intempesta
628 512 705 556 DC
732 514 948 569 equitibus
974 514 1225 571 imperauit,
1255 517 1305 557 ut
1328 515 1375 557 in
1398 515 1544 570 plures

188 576 356 615 turmas
399 573 617 630 segregati
660 588 741 628 per
780 573 898 616 uices
940 573 1036 615 sine
1072 573 1393 617 intermissione
1430 575 1546 617 circa

189 635 334 675 castra
363 633 557 675 hostium
583 647 629 674 se
656 634 945 675 ostentarent:
976 632 1041 675 ita
1064 635 1160 675 tota
1183 635 1311 676 nocte
1335 633 1547 676 Romanis

121 701 164 733 10
189 692 236 734 in
261 692 376 734 uallo
403 692 590 734 statione
616 706 665 734 ac
690 692 856 747 pluuia,
889 706 998 748 quae
1022 691 1135 734 forte
1162 692 1367 735 continua
1393 692 1545 748 fuerat,

190 750 442 806 inquietatis
488 750 796 806 confectisque,
840 765 938 793 cum
981 751 1173 806 receptui
1210 751 1382 808 signum
1419 766 1546 794 mane

189 810 337 853 Iunius
388 810 600 865 dedisset,
643 809 867 853 Hannibal
912 824 1012 853 suos
1055 810 1272 865 requietos
1315 810 1462 853 eduxit
1503 813 1547 853 et

192 871 336 912 castra
368 870 460 912 eius
491 869 667 912 inuasit.
1102 910 1105 911 γ

280 929 350 972 26.
398 928 726 984 Epaminondas
771 928 1004 970 Thebanus
1046 928 1092 970 in
1135 928 1318 971 eundem
1360 928 1548 983 modum,

122 996 165 1029 15
191 1001 287 1030 cum
331 987 662 1030 Lacedaemonii
706 987 790 1042 a<d
826 987 1056 1042 Is>thmon
1097 987 1215 1030 uallo
1257 987 1386 1031 ducto
1422 987 1548 1031 Pelo-

192 1061 388 1102 poneson
424 1049 668 1102 tuerentur,
711 1061 947 1101 paucorum
988 1061 1120 1102 opera
1157 1046 1266 1089 leuis
1304 1049 1548 1090 armaturae

193 1109 290 1148 tota
326 1108 454 1148 nocte
485 1106 746 1161 inquietauit
776 1106 958 1148 hostem.
1016 1120 1065 1148 ac
1097 1105 1250 1148 deinde
1280 1106 1424 1161 prima
1454 1106 1548 1148 luce

194 1164 466 1221 <re>uocatis
513 1166 622 1220 suis,
672 1180 768 1207 cum
811 1164 1142 1207 Lacedaemonii
1185 1178 1230 1207 se
1273 1165 1550 1223 recepissent,

194 1225 338 1267 subito
371 1225 620 1267 uniuersum
654 1224 905 1278 exercitum,
943 1238 1068 1279 quem
1101 1224 1296 1280 quietum
1326 1223 1550 1279 habuerat,

122 1294 168 1326 20
195 1283 389 1326 admouit
419 1287 464 1326 et
494 1297 570 1338 per
600 1284 696 1339 ipsa
726 1283 996 1326 munimenta
1021 1283 1230 1325 destituta
1259 1285 1551 1339 propugnato·

191 1343 312 1385 ribus
343 1343 518 1398 inrupit.

283 1403 352 1444 27.
390 1401 612 1444 Hannibal
651 1401 813 1444 directa
853 1402 943 1444 acie
982 1401 1035 1443 ad
1068 1399 1241 1443 Cannas
1273 1399 1350 1443 DC
1381 1401 1549 1456 equites

193 1461 405 1503 Numidas
442 1461 716 1516 transfugere
758 1461 900 1515 iussit,
945 1460 1018 1515 qui
1056 1460 1109 1501 ad
1145 1460 1274 1502 fidem
1309 1459 1550 1502 faciendam

195 1520 366 1576 gladios
411 1522 454 1561 et
499 1522 622 1562 scuta
664 1519 827 1562 nostris
870 1519 1141 1561 tradiderunt
1181 1521 1225 1560 et
1260 1518 1306 1560 in
1348 1518 1551 1560 ultimum

124 1588 169 1621 25
197 1593 354 1635 agmen
389 1578 568 1634 recepti,
609 1578 684 1620 ubi
722 1578 911 1633 primum
950 1577 1146 1620 concurri
1183 1577 1344 1632 coepit,
1386 1576 1550 1620 strictis

194 1638 434 1681 minoribus
465 1652 571 1693 quos
599 1637 926 1680 occultauerant
951 1636 1125 1693 gladiis,
1157 1636 1290 1679 scutis
1316 1636 1551 1680 iacentium

196 1697 457 1752 adsumptis,
489 1697 784 1739 Romanorum
817 1696 953 1739 aciem
985 1696 1244 1738 ceciderunt.

292 1830 312 1860 2
340 1825 499 1860 flaminis
520 1825 566 1860 H
569 1825 579 1845 ¹
601 1826 606 1869 Ι
635 1829 658 1860 4
684 1825 722 1872 a]
749 1825 789 1859 in
813 1824 859 1860 H
879 1828 963 1860 ante
987 1834 1079 1860 corr.
1103 1824 1108 1868 Ι
1135 1822 1429 1859 internecionem
1453 1821 1520 1857 721²

197 1876 217 1908 5
245 1873 395 1907 cederet
413 1872 459 1907 H
477 1874 482 1917 Ι
512 1876 532 1907 6
547 1871 756 1919 sssssiunium
781 1871 834 1915 (fe
853 1872 931 1908 uid.
950 1872 1109 1915 erasum)
1130 1870 1177 1906 H
1193 1872 1199 1914 1
1231 1874 1251 1905 7
1278 1868 1459 1905 sescentis
1483 1868 1521 1904 P

197 1919 238 1954 in
262 1930 328 1955 om.
350 1919 387 1954 P
411 1921 416 1961 Ι
452 1923 496 1955 10
521 1920 618 1955 forte
643 1920 735 1962 (fort
759 1920 801 1955 in
824 1929 898 1955 ras.
923 1919 963 1962 h)
990 1918 1036 1954 H
1063 1920 1068 1962 Ι
1101 1921 1142 1953 11
1168 1916 1347 1962 inquietis
1372 1915 1410 1951 P
1434 1917 1450 1969 l·
1468 1926 1554 1951 eon-

197 1966 363 2010 fectique
377 1966 423 2001 H
426 1966 436 1985 ¹
459 1970 463 2009 Ι
485 1978 594 2002 mane
620 1966 748 2002 Iunius
762 1967 996 2002 Zechmeister
1020 1964 1123 2001 mani
1147 1963 1309 2007 (romani
1322 1964 1360 2007 h)
1387 1974 1498 1999 umus
1512 1962 1559 1999 H

148 2012 157 2018 “
198 2013 276 2049 iam
300 2013 424 2048 iunius
450 2013 509 2058 ΡΙ
544 2018 587 2049 14
613 2014 884 2059 Epiminondas
910 2012 956 2048 H
973 2014 979 2058 Ι
1009 2015 1052 2048 15
1079 2012 1127 2047 ad
1154 2011 1320 2047 Isthmon
1346 2010 1556 2046 Palmaria

200 2060 354 2097 athmon
374 2061 419 2095 H
425 2061 462 2095 P
485 2061 532 2095 ad
553 2059 674 2096 Onion
693 2061 814 2098 Seria.
835 2061 914 2097 coll.
934 2060 1109 2106 Polyaen.
1127 2060 1164 2102 2,
1179 2061 1215 2102 3,
1229 2061 1252 2094 9
1273 2059 1279 2103 Ι
1299 2057 1554 2103 peloponeson

199 2109 276 2152 (sed
300 2108 387 2153 pelo
413 2108 498 2143 add.
525 2109 570 2151 h)
586 2108 633 2143 H
652 2109 933 2154 peloponneson
951 2107 1012 2152 ΡΙ
1037 2109 1080 2142 18
1105 2105 1291 2141 reuocatis
1320 2104 1413 2142 Oud.
1438 2115 1555 2141 noua-

199 2156 248 2191 tis
275 2155 333 2191 ΗἸ
363 2155 509 2191 uocatis
535 2156 559 2190 h
590 2157 744 2191 uocatus
770 2156 807 2191 P
834 2154 1001 2191 euocatis
1027 2153 1131 2190 Stew.
1161 2153 1167 2199 Ι
1201 2155 1244 2188 19
1270 2151 1435 2188 excitum
1459 2150 1520 2187 H¹
1546 2151 1551 2198 Ι

199 2207 246 2238 20
272 2202 413 2238 amouit
433 2203 469 2238 P
493 2204 498 2246 Ι
538 2205 583 2237 22
610 2202 760 2238 derecta
779 2202 839 2237 H¹
870 2204 875 2247 Ι
914 2201 994 2248 DC]
1027 2199 1224 2246 quingenti
1242 2199 1328 2235 Isiu.
1350 2203 1418 2243 22,
1435 2202 1498 2243 48,
1517 2201 1555 2236 2.

199 2250 367 2295 Appiam.
394 2249 525 2286 Hann.
551 2252 700 2286 20--23
734 2251 739 2295 l
779 2253 824 2285 23
855 2248 964 2284 iussit
989 2267 1032 2274 —-
1059 2248 1164 2284 scuta
1193 2257 1261 2284 om.
1288 2245 1346 2281 ΗῚ
1377 2248 1382 2292 Ι
1416 2250 1463 2283 24
1487 2255 1556 2282 no-

201 2301 296 2333 stras
322 2297 379 2332 H¹
