1612 2488
96 721 140 754 10

95 1017 138 1049 15

93 1313 137 1345 20

93 1609 138 1640 25

167 65 223 107 68
440 65 540 102 IULI
564 65 798 102 FRONTINI
827 65 1257 103 STRATEGEMATON

166 174 218 217 de
264 173 443 230 Pompei
495 175 685 217 exercitu
735 175 893 218 amissa
946 177 990 217 et
1040 175 1186 227 omnia
1229 176 1525 247 inpedimenta

165 233 318 276 Liuius
351 236 502 276 auctor
534 237 611 276 est.

258 293 328 335 32.
371 293 605 348 Pompeius
637 293 683 335 in
714 292 949 349 Hispania,
981 294 1204 349 dispositis
1236 297 1336 338 ante
1367 296 1442 351 qui
1472 310 1524 339 ex

168 353 337 395 occulto
378 353 734 409 adgrederentur,
772 352 975 396 simulato
1007 356 1125 396 metu
1157 354 1333 397 deduxit
1360 355 1525 398 instan-

166 415 255 454 tem
281 412 452 454 hostem
477 413 523 455 in
556 413 652 455 loca
683 412 868 455 insessa:
916 413 1082 468 deinde,
1107 413 1181 456 ubi
1211 428 1279 456 res
1310 415 1524 470 poposcit,

168 485 400 514 conuersus
439 477 483 514 et
512 471 557 513 in
587 471 733 514 fronte
767 474 810 514 et
840 473 1034 527 utrisque
1066 472 1275 516 lateribus
1307 473 1362 516 ad
1392 474 1524 517 inter-

165 530 381 574 nicionem
420 530 592 586 cecidit,
630 533 758 586 capto
797 531 929 573 etiarn
966 531 1072 574 duce
1110 546 1258 575 eorum
1293 532 1524 588 Perperna.

256 590 325 632 33.
375 589 498 632 Idem
537 590 745 632 aduersus
784 589 1069 634 Mithridaten
1106 591 1153 633 in
1183 590 1410 645 Armenia,
1449 607 1525 635 nu-

166 663 286 691 mero
314 651 358 691 et
384 663 540 706 genere
567 650 762 705 equitum
787 650 1129 704 praeualentem,
1158 651 1246 694 tria
1269 651 1389 693 milia
1414 652 1523 694 leuis

167 711 414 751 armaturae
446 711 489 750 et
520 708 560 750 D
592 709 757 764 equites
795 711 926 751 nocte
962 709 1009 751 in
1045 709 1161 752 ualle
1193 709 1273 752 sub
1304 710 1522 766 uirgultis,

168 782 278 823 quae
308 768 425 810 inter
456 768 560 810 bina
591 770 735 810 castra
767 770 908 823 erant,
940 768 1165 824 disposuit.
1202 769 1345 824 prima
1370 769 1524 812 deinde

165 827 259 869 luce
285 828 330 869 in
357 827 590 870 stationem
617 827 811 870 hostium
838 827 983 870 emisit
1014 828 1177 882 equites
1207 828 1271 871 ita
1300 828 1525 884 formatos,

164 888 231 941 ut,
275 901 372 928 cum
415 887 644 929 uniuersus
691 901 787 929 cum
832 886 1022 929 exercitu
1067 887 1261 931 hostium
1305 887 1523 943 equitatus

165 945 379 1001 proelium
410 946 586 1001 inisset,
617 946 801 989 seruatis
830 946 1052 989 ordinibus
1078 946 1289 1002 paulatim
1314 947 1524 1003 cederent,

164 1005 299 1047 donec
344 1005 534 1061 spatium
579 1006 733 1048 darent
776 1005 1063 1062 consurgendi
1107 1020 1132 1047 a
1171 1009 1296 1062 tergo
1341 1006 1397 1048 ob
1439 1006 1523 1050 hoc

164 1064 400 1120 dispositis.
451 1064 566 1120 quod
597 1067 830 1119 postquam
863 1079 914 1106 ex
945 1065 1159 1107 sententia
1184 1065 1390 1122 contigit,
1422 1080 1524 1108 con-

163 1124 302 1166 uersis
340 1124 414 1179 qui
445 1127 570 1180 terga
601 1124 769 1166 dedisse
805 1123 1084 1180 uidebantur,
1123 1124 1310 1168 medium
1350 1124 1522 1167 hostem

163 1183 453 1238 trepidantem
486 1183 659 1238 cecidit,
692 1183 810 1237 ipsos
844 1183 976 1225 etiam
1007 1197 1140 1238 equos
1171 1183 1317 1239 pedite
1348 1184 1524 1226 commi·

163 1256 245 1284 nus
279 1242 507 1285 accedente
546 1242 756 1285 confodit:
798 1256 935 1298 eoque
971 1242 1138 1297 proelio
1174 1242 1379 1285 fiduciam
1417 1243 1523 1300 regi,

165 1316 294 1357 quam
326 1302 372 1343 in
404 1302 676 1357 equestribus
708 1301 843 1356 copiis
875 1301 1083 1355 habebat,
1116 1301 1314 1345 detraxit.

254 1361 323 1404 34.
380 1360 562 1404 Crassus
606 1361 721 1404 bello
766 1360 1053 1416 fugitiuorum
1096 1361 1211 1416 apud
1254 1360 1522 1404 Cantennam

164 1420 268 1462 bina
307 1423 451 1462 castra
489 1421 727 1463 comminus
766 1435 864 1462 cum
901 1419 1093 1462 hostium
1130 1420 1282 1462 castris
1325 1420 1522 1463 uallauit.

163 1482 290 1521 nocte
329 1479 482 1521 deinde
521 1479 748 1522 commotis
787 1479 942 1533 copiis,
979 1480 1182 1520 manente
1217 1479 1438 1534 praetorio
1475 1479 1522 1521 in

164 1538 403 1581 maioribus
442 1539 614 1592 castris,
652 1541 701 1580 ut
738 1537 994 1580 fallerentur
1031 1538 1198 1591 hosteS,
1242 1538 1334 1594 ipse
1373 1551 1522 1580 omnes

165 1597 311 1653 copias
345 1597 492 1640 eduxit
525 1601 567 1640 et
597 1599 643 1640 in
673 1597 892 1640 radicibus
924 1597 1137 1652 praedicti
1169 1596 1329 1639 montis
1360 1596 1521 1639 consti-

163 1657 267 1711 tuit3
310 1657 533 1711 diuisoque
567 1657 765 1712 equitatu
795 1656 1016 1712 praecepit
1046 1655 1092 1698 L.
1119 1655 1316 1711 Quintio,
1351 1658 1521 1711 partem

166 1715 373 1771 Spartaco
418 1716 609 1758 obiceret
646 1730 877 1772 pugnaque
917 1729 1014 1757 eum
1051 1715 1356 1772 frustraretur,
1397 1717 1522 1770 parte

166 1776 252 1817 alia
283 1774 433 1817 Gallos
467 1775 792 1830 Germanosque
825 1789 876 1817 ex
907 1774 1096 1817 factione
1122 1773 1242 1817 Casti
1274 1777 1318 1816 et
1342 1773 1522 1818 Cannici

167 1834 342 1876 eliceret
379 1834 432 1876 ad
469 1849 662 1891 pugnam
702 1838 745 1876 et
779 1834 885 1890 fuga
924 1834 1126 1876 simulata
1163 1833 1408 1887 deduceret,
1447 1833 1522 1875 ubi

263 1944 278 1973 1
308 1939 472 1991 pompeii
498 1939 545 1973 H
579 1941 584 1984 Ι
625 1942 646 1974 5
673 1938 794 1983 poscit
818 1938 864 1973 H
898 1939 903 1970 1
944 1941 964 1973 6
992 1936 1179 1973 conuersis
1204 1936 1250 1971 H
1254 1936 1307 1980 P
1332 1947 1426 1973 corr.
1451 1937 1477 1972 d
1514 1936 1518 1983 Ι

165 1985 446 2020 internitionem
472 1986 535 2021 H¹
548 1986 583 2020 P
605 1951 903 2021 internetionem
912 1985 936 2020 h
957 1987 963 2029 Ι
986 1987 1006 2020 8
1031 1982 1248 2019 mitridaten
1273 1964 1319 2018 H
1335 1985 1341 2028 Ι
1363 1987 1384 2019 9
1409 1994 1521 2030 gene-

164 2032 266 2068 ribus
288 2033 318 2077 (i
338 2044 381 2068 ex
401 2044 420 2068 e
439 2034 478 2077 h)
501 2033 572 2067 H
570 2052 572 2077 ,
601 2033 843 2078 praeualente
871 2032 908 2067 P
927 2036 932 2076 Ι
956 2035 995 2067 11
1025 2030 1113 2066 uina
1131 2030 1197 2066 H¹
1221 2030 1385 2066 uiminea
1402 2030 1453 2076 h]
1477 2033 1520 2066 12

166 2080 327 2116 statione
342 2079 401 2124 ΡΙ
422 2080 525 2115 misit
545 2080 589 2114 H
609 2085 611 2126 Ι
635 2080 818 2115 formatos
837 2081 862 2115 d
886 2079 1053 2114 firmatos
1071 2077 1173 2123 ΗΡΙ
1197 2080 1240 2112 15
1267 2077 1331 2124 ob]
1360 2078 1408 2114 ab
1433 2078 1491 2113 Ηι
1513 2078 1517 2124 Ι

168 2130 212 2163 18
238 2130 322 2163 ante
346 2127 473 2172 pedite
499 2128 540 2162 in
560 2122 603 2161 H
625 2128 719 2162 duae
744 2128 812 2163 litt.
839 2137 963 2163 erasae
985 2129 989 2171 Ι
1013 2129 1056 2160 19
1075 2125 1156 2171 regi
1182 2125 1311 2172 quam]
1337 2125 1521 2170 reliquam

166 2175 212 2210 H
229 2178 234 2217 1
257 2178 301 2210 21
328 2175 501 2210 catanam
526 2175 584 2209 uel
609 2174 807 2209 cathenam
827 2175 851 2210 d
873 2173 878 2221 Ι
900 2177 945 2209 23
972 2172 1167 2208 commotis
1192 2182 1259 2207 nos
1283 2171 1521 2208 commutatis

166 2222 252 2257 ΗΡ
273 2221 557 2257 communicatis
589 2222 647 2256 uel
679 2220 916 2256 communitis
942 2221 966 2256 d
991 2218 1195 2255 coniunctis
1224 2219 1317 2255 Oud.
1340 2222 1345 2264 Ι
1367 2223 1413 2255 26
1436 2229 1519 2264 par-

165 2271 245 2304 tam
269 2270 292 2304 h
315 2272 318 2313 Ι
342 2273 386 2305 27
412 2279 651 2315 pugnamque
678 2280 759 2303 eam
776 2269 840 2312 H!
863 2272 908 2304 28
934 2265 1086 2314 gannici
1113 2266 1150 2301 P
1169 2266 1174 2314 Ι
1196 2270 1241 2301 29
1268 2266 1425 2313 eligeret
1442 2266 1489 2301 H
1512 2266 1516 2313 Ι

166 2317 256 2362 fuga
283 2316 376 2352 Oud.
408 2327 534 2362 pugna
558 2315 646 2350 ΗΡ
