1612 2488
147 103 205 145 52
421 102 523 139 IULI
545 103 783 140 FRONTINI
812 103 1241 142 STRATEGEMATON

97 260 103 264 ,
147 226 249 254 nere
281 226 379 254 cum
410 212 635 268 profligari
666 212 778 255 nihil
809 213 993 268 uideret,
1030 213 1179 256 cedere
1209 214 1419 269 instituit,
1455 217 1505 258 ut

79 755 123 787 10

81 1051 123 1083 15

81 1347 127 1378 20

83 1641 128 1673 25

146 270 229 314 hac
262 271 539 314 simulatione
570 272 822 327 perduceret
851 271 1001 315 hostes
1032 272 1078 315 in
1106 272 1366 330 confragosa
1395 273 1504 330 loca,

148 345 257 386 quae
283 345 333 372 ex
358 331 573 373 industria
598 333 862 386 captauerat.
900 346 998 374 cum
1017 332 1079 374 sic
1098 346 1280 388 quoque,
1304 335 1506 388 suspecta

148 389 385 432 calliditate
422 390 734 445 recedentium,
777 390 978 433 ordinata
1015 394 1264 447 sequeretur
1299 391 1505 447 phalanx,
1577 441 1580 443 ,

149 449 314 504 equites
341 463 367 491 a
393 449 568 491 sinistro
599 464 733 492 cornu
763 452 938 506 praeter
969 465 1090 493 oram
1115 450 1349 507 phalangis
1379 451 1506 494 iussit

147 510 443 551 transcurrere
488 508 633 551 citatis
677 509 818 564 equis,
861 511 1018 565 tectos,
1060 511 1110 551 ut
1152 509 1332 553 obiectis
1372 509 1505 553 armis

146 567 242 622 ipso
268 568 435 623 impetu
453 567 803 623 praefringerent
821 567 1013 611 hostium
1033 569 1216 624 spicula:
1243 583 1328 624 quo
1350 583 1506 626 genere

145 627 336 669 telorum
363 627 575 669 exarmati
599 626 859 670 Macedones
886 627 1115 670 soluerunt
1146 628 1280 670 aciem
1312 630 1357 670 et
1380 631 1506 684 terga

146 689 385 729 uerterunt.

237 745 306 788 21.
338 744 533 800 Pyrrhus
565 759 645 800 pro
677 744 925 788 Tarentinis
958 745 1072 801 apud
1102 746 1328 814 Asculum,
1361 759 1507 788 secun-

149 804 250 848 dum
277 803 559 847 Homericum
589 818 766 846 uersum
799 819 882 859 quo
907 805 1088 859 pessimi
1111 819 1158 847 m
1182 804 1372 848 medium
1401 804 1506 847 reci—

148 864 350 919 piuntur,
388 864 539 906 dextro
572 878 707 906 cornu
740 862 956 906 Samnites
988 863 1298 919 Epirotasque,
1329 863 1507 906 sinistro

148 923 348 965 Bruttios
377 925 505 978 atque
531 922 729 965 Lucanos
755 937 851 965 cum
878 921 1151 979 Sallentinis,
1178 923 1224 965 in
1249 922 1392 966 media
1417 922 1508 966 acie

150 981 412 1024 Tarentinos
440 982 700 1037 conlocauit,
726 982 966 1036 equitatum
993 984 1037 1024 et
1062 981 1354 1037 elephantos
1341 996 1388 1023 1n
1413 981 1510 1024 sub-

151 1041 270 1084 sidiis
304 1055 396 1083 esse
428 1041 567 1084 iussit.

240 1099 405 1143 Contra
436 1100 656 1155 consules,
688 1100 916 1154 aptissime
948 1100 1098 1142 diuisis
1129 1100 1177 1142 in
1201 1098 1370 1142 'cornua
1394 1099 1510 1154 equi-

151 1160 288 1214 tibus,
324 1159 520 1216 legiones
552 1159 599 1200 in
629 1159 770 1214 prima
802 1159 894 1201 acie
925 1161 969 1201 et
998 1159 1045 1201 in
1077 1158 1280 1201 subsidiis
1311 1158 1509 1202 conloca-

150 1221 308 1261 uerunt
333 1221 377 1261 et
400 1218 469 1260 his
496 1218 809 1260 inmiscuerunt
835 1217 1006 1260 auxilia.
1050 1217 1128 1260 XL
1151 1217 1275 1260 milia
1292 1218 1510 1272 utrimque

151 1278 286 1320 fuisse
325 1279 517 1320 constat:
558 1276 716 1332 Pyrrhi
752 1277 931 1319 dimidia
961 1291 1063 1332 pars
1096 1277 1306 1320 exercitus
1338 1276 1511 1332 amissa,

153 1337 266 1392 apud
298 1336 521 1379 Romanos
553 1335 595 1378 V
625 1336 748 1378 milia
778 1336 1021 1379 desiderata
1051 1338 1165 1379 sunt.

243 1396 312 1439 22.
344 1395 422 1439 Cn.
441 1394 672 1451 Pompeius
699 1395 906 1438 aduersus
932 1394 980 1438 G.
1000 1394 1230 1438 Caesarem
1249 1394 1510 1450 Palaephar-

153 1455 235 1498 sali
266 1455 486 1510 triplicem
517 1454 723 1496 instruxit
754 1454 910 1506 aciem,
941 1469 1122 1509 quarum
1154 1454 1350 1510 singulae
1376 1454 1511 1497 denos

154 1514 325 1556 ordines
357 1514 404 1555 in
435 1513 710 1555 latitudinem
742 1513 996 1555 habuerunt.
1050 1513 1245 1569 legiones
1277 1512 1512 1555 secundum

153 1573 364 1615 uirtutem
396 1572 601 1627 cuiusque
632 1571 907 1614 firmissimas
931 1572 978 1614 in
1003 1572 1205 1614 cornibus
1231 1574 1276 1614 et
1299 1571 1345 1613 in
1370 1571 1510 1614 medio

155 1631 417 1686 conlocauit,
460 1631 599 1686 spatia
637 1630 707 1673 his
746 1631 1005 1686 interposita
1034 1631 1251 1674 tironibus
1282 1630 1512 1687 suppleuit.

156 1691 305 1734 dextro
337 1691 474 1733 latere
505 1688 583 1732 DC
616 1691 781 1746 equites
813 1692 994 1746 propter
1023 1690 1184 1733 flumen
1213 1689 1401 1745 Enipea,
1439 1690 1513 1745 qui

156 1753 199 1792 et
230 1751 356 1792 alueo
390 1765 468 1792 suo
499 1752 542 1791 et
568 1749 727 1791 alluuie
753 1750 977 1805 regionem
1008 1749 1267 1805 inpedierat,
1297 1749 1512 1804 reliquum

254 1859 270 1888 1
299 1853 426 1889 uidere
447 1854 493 1889 H
517 1856 521 1899 1
556 1857 577 1889 5
602 1854 696 1889 hora
714 1853 774 1889 H¹
799 1854 893 1889 hora
910 1854 934 1889 h
970 1864 1036 1889 ora
1058 1853 1103 1898 P,
1129 1853 1273 1889 correxi
1298 1853 1305 1898 1
1345 1856 1366 1888 6
1391 1853 1513 1888 tectos

156 1902 325 1947 quamuis
350 1902 441 1936 duwe
465 1902 604 1937 dictum
611 1905 768 1954 mutare
792 1911 868 1936 ‘non
892 1901 1027 1936 audeo:
1052 1901 1097 1944 cfi
1118 1901 1218 1937 Dict.
1245 1903 1280 1944 3,
1300 1902 1324 1935 '7
1359 1900 1463 1936 actos
1489 1900 1514 1935 d

155 1949 283 1983 nectos
310 1948 413 1983 Stew.
446 1936 628 1984 intentos⁰
636 1948 746 1984 Goetz
767 1947 773 1994 1
799 1951 841 1983 10
867 1947 1002 1992 Pyrrus
1026 1948 1086 1993 Ρ1
1107 1948 1221 1983 uerba
1246 1947 1447 1983 secundum
1468 1967 1512 1972 —

156 1995 388 2048 recipiuntur
412 2006 486 2030 non
517 1996 729 2041 temptanda
753 1998 858 2031 sumt:
894 1995 940 2038 cf.
964 1995 1083 2040 praef.
1109 1994 1137 2041 §
1162 1998 1186 2030 9
1216 1995 1220 2039 1
1256 1997 1299 2029 12
1333 1993 1513 2030 samnitas

158 2041 423 2088 ephiratosque
443 2042 502 2088 Ρ1
527 2046 570 2077 16
597 2054 710 2078 cornu
730 2042 777 2078 H
766 2045 801 2096 -1
830 2045 872 2077 18
898 2041 961 2076 XL
964 2006 1106 2088 ²nmilia]
1135 2041 1219 2077 ..XL
1239 2040 1346 2086 ΗΡΙ
1374 2043 1514 2076 utrum-

158 2111 230 2147 que
250 2100 296 2136 H
313 2102 317 2145 1
340 2103 385 2135 20
406 2100 439 2135 V
464 2091 585 2146 milia]
614 2101 669 2135 ..V
690 2101 737 2136 H
758 2102 813 2137 .V.
835 2102 895 2146 ΡΙ
923 2105 967 2137 21
991 2093 1454 2146 paiepharsalisimplicem
1473 2099 1520 2136 H

158 2147 395 2194 palesarsalis
421 2147 496 2193 trip
499 2147 608 2182 licem
635 2148 685 2182 P:
711 2149 757 2192 cf.
778 2149 900 2194 praef.
926 2148 954 2195 §
973 2151 1020 2184 14
1047 2151 1053 2193 1
1083 2151 1128 2183 22
1154 2157 1333 2193 aquarum
1359 2146 1407 2183 H
1429 2149 1489 2191 12

159 2195 361 2231 latitudine
385 2195 410 2230 h
443 2195 449 2240 1
483 2195 686 2229 secundum
706 2195 765 2240 H,
791 2196 853 2231 sed
878 2207 990 2231 secun
1014 2196 1057 2231 in
1079 2205 1153 2231 ras.
1178 2197 1375 2239 (aquarum
1392 2193 1430 2239 ?)
1455 2194 1480 2230 h
1506 2194 1510 2241 1

161 2258 206 2289 25
232 2254 279 2288 iis
305 2254 343 2289 R
372 2255 378 2299 1
418 2257 463 2289 26
491 2252 574 2288 ,DQ
600 2264 646 2298 eq
648 2253 745 2289 uites
774 2253 1014 2301 exingentesss
1037 2254 1097 2298 (in
1127 2254 1415 2299 superscriptum
1437 2256 1470 2289 et
1496 2265 1513 2289 s

160 2305 283 2355 erasa)
307 2301 367 2337 Η.·
392 2301 438 2344 cf.
462 2301 579 2346 praef.
600 2300 688 2347 §14
709 2301 714 2345 1
745 2301 897 2337 flumine
922 2301 1075 2345 (flumen
1099 2301 1137 2345 h)
1164 2300 1275 2346 nipea
1299 2301 1346 2336 H
1377 2301 1515 2337 flumen

162 2348 333 2394 enipeam
361 2348 421 2392 ΡΙ
449 2352 492 2383 27
519 2347 642 2383 luuiae
670 2349 790 2393 (prior
815 2361 838 2383 u
864 2360 908 2384 ex
933 2349 962 2392 i)
989 2348 1034 2383 H
1073 2347 1195 2383 elnuie
1224 2347 1315 2383 Oud.
