1612 2488
520 357 654 435 mm
690 387 1004 436 FRONTIM

281 515 696 581 STRATE
721 516 1090 581 GEMAT
1110 517 1248 582 ΟΝ

533 658 696 698 LIBER
727 659 988 706 QUARTUS.

177 773 318 816 Multa
346 773 527 816 lectione
564 773 817 829 conquisitis
854 774 1235 830 strategematibus
1277 777 1320 817 et
1349 789 1438 818 non

89 833 245 888 exiguo
271 832 471 887 scrupulo
497 831 690 888 digestis,
719 835 768 874 ut
790 833 1053 888 promissum
1077 833 1209 876 trium
1226 833 1437 876 librorum

87 891 325 947 inplerem,
367 891 404 933 si
440 891 568 933 modo
612 891 800 946 inpleui‚
842 891 924 934 hoe
962 891 1171 934 exhibebo
1215 906 1283 946 ea,
1326 907 1436 948 quae

86 965 241 1005 parum
273 951 375 1005 apte
404 949 676 1005 discriptioni
705 949 897 1005 priorum
929 949 984 991 ad
1014 950 1200 1006 speciem
1227 951 1435 1007 alligatae

88 1009 227 1051 subici
255 1008 517 1051 uidebantur
547 1012 591 1051 et
614 1011 739 1051 erant
768 1008 962 1063 exempla
991 1009 1137 1064 potius
1170 1010 1436 1065 strategieon

88 1082 215 1123 quam
238 1070 564 1122 strategemata:
594 1082 704 1123 quae
729 1067 886 1110 idcirco
912 1069 1124 1123 separaui,
1155 1069 1256 1123 quia
1286 1083 1435 1124 quam-

89 1125 154 1168 uis
185 1126 303 1168 clara
326 1126 522 1168 diuersae
551 1129 700 1169 tamen
726 1129 849 1168 erant
879 1127 1160 1181 substantiae,
1190 1142 1258 1183 ne,
1289 1128 1327 1170 si
1358 1128 1433 1183 qui

85 1184 198 1228 forte
227 1185 276 1226 in
304 1184 451 1240 aliqua
481 1199 531 1227 ex
560 1185 630 1227 his
660 1185 926 1236 incidissent,
958 1186 1239 1228 similitudine
1269 1186 1436 1229 inducti

86 1243 394 1298 praetermissa
419 1244 711 1298 opinarentur.
772 1246 815 1286 et
840 1259 943 1286 sane
966 1245 1086 1286 uelut
1111 1244 1239 1299 <res)
1265 1245 1436 1288 residua

87 1302 350 1356 expedienda
385 1301 486 1344 fuit:
528 1303 573 1344 in
612 1317 698 1357 qua
729 1306 772 1344 et
807 1303 902 1357 ipse
938 1303 1132 1345 ordinem
1163 1318 1240 1358 per
1272 1305 1435 1359 species

87 1374 259 1402 seruare
290 1360 496 1402 conabor:

214 1418 248 1462 I.
278 1417 345 1460 De
376 1419 614 1474 disciplina.

194 1476 250 1519 Π.
280 1476 345 1518 De
376 1478 527 1520 effectu
558 1477 826 1533 disciplinae.

181 1608 197 1639 1
225 1603 327 1639 IULI
347 1603 542 1639 FRONTI.
555 1603 945 1641 TRATEGETICON.
966 1606 1044 1649 (sed
1063 1605 1435 1661 IULH-FRONTINI

48 1664 53 1667 “
87 1661 561 1698 STRATEGEMATICON
572 1664 611 1707 h)
630 1662 751 1699 Liber.
764 1664 828 1699 111.
842 1663 1075 1699 EXPLICIT.
1090 1663 1221 1699 INCIP
1236 1664 1436 1700 EUSDEM

85 1719 176 1756 LIB.
201 1720 283 1755 1111.
307 1719 564 1755 FELICITER
586 1721 632 1756 Η
654 1721 756 1756 IULI
780 1721 1019 1757 FRONTINI
1044 1722 1435 1759 STRATEGEMATI-

87 1765 184 1802 CON
202 1766 348 1802 LIBER
368 1767 574 1803 TERTIUS
594 1767 830 1803 EXPLICIT.
854 1767 1035 1804 INCIPIT
1056 1769 1271 1805 EIUSDEM
1290 1770 1435 1806 LIBER

86 1813 309 1857 QUARTUS
334 1813 585 1849 FELICITER
600 1814 644 1858 P,
669 1816 816 1851 titulum
835 1819 921 1860 post
942 1817 1208 1860 praefationem
1228 1819 1280 1862 (p.
1295 1820 1380 1862 116,
1393 1820 1432 1862 5)

85 1861 226 1896 exhibet
241 1861 295 1904 ὦ·
318 1862 381 1896 sed
398 1865 518 1896 tamen
536 1862 595 1896 hic
614 1862 717 1906 liber,
742 1863 807 1907 qui
824 1863 942 1905 fertur
959 1867 1125 1908 quartus,
1144 1874 1219 1899 non
1237 1867 1288 1899 est
1306 1863 1432 1900 Fron·

86 1909 178 1944 tini.-
196 1909 240 1952 cf.
256 1909 378 1954 praef.
391 1907 419 1955 5
431 1912 456 1944 8
478 1910 484 1953 Ι
506 1912 526 1943 6
547 1908 607 1943 hic
627 1909 651 1944 d
670 1908 710 1943 in
730 1910 799 1945 hoo
818 1910 896 1945 edd.
920 1911 925 1954 Ι
948 1914 968 1945 7
986 1910 1224 1962 discriptioni
1236 1912 1433 1947 Buecheler

84 1955 126 1990 in
150 1954 281 1991 Rhein.
303 1955 404 1991 Mus.
426 1957 556 1999 (1858)
578 1958 637 1998 13,
657 1959 733 1992 602
759 1955 1001 2001 descriptioni
1018 1957 1057 1992 P
1077 1957 1327 2003 descriptione
1349 1959 1437 1994 GH

86 2001 301 2037 discretioni
326 2003 351 2037 d
372 2005 376 2045 Ι
399 2003 578 2047 alligat-ae
599 2002 834 2038 Wachsmuth
858 2002 1017 2049 alligata
1037 2004 1124 2040 GH
1126 2005 1186 2048 ΡΙ
1208 2008 1230 2040 8
1254 2006 1368 2041 uerba
1393 2007 1432 2040 et

86 2049 194 2084 erant
207 2068 252 2075 —
267 2051 535 2095 strategemata
548 2053 634 2094 post
649 2050 880 2085 substant-iae
892 2052 1019 2095 (u.10)
1032 2055 1270 2097 transponere
1287 2053 1432 2088 mauult

85 2094 194 2130 Goetz
214 2096 221 2140 Ι
242 2095 297 2142 et]
315 2096 384 2131 hec
407 2097 442 2130 P
461 2099 466 2139 Ι
488 2100 510 2131 9
530 2097 796 2142 strategemate
810 2097 845 2132 G
865 2098 1195 2143 strategematicon
1213 2099 1292 2134 Ser.
1315 2101 1320 2143 1
1343 2099 1432 2143 quia

87 2143 164 2185 (sed
188 2141 414 2187 imper-scr.)
434 2143 503 2188 ΗΙ
525 2146 570 2178 10
596 2143 714 2179 claret
732 2143 766 2178 G
786 2143 793 2189 Ι
813 2144 966 2187 fortasse
989 2156 1034 2180 ao
1062 2157 1109 2181 ne
1131 2148 1136 2190 Ι
1161 2150 1203 2180 11
1237 2146 1275 2181 P
1315 2148 1320 2191 Ι
1342 2145 1429 2181 iniis

83 2187 187 2224 docti
211 2188 347 2232 GHP,
370 2201 460 2226 corr.
487 2191 512 2226 d
533 2192 539 2235 Ι
568 2193 611 2225 12
637 2200 730 2225 sana
753 2190 813 2235 ΡΙ
833 2202 891 2227 ree
916 2192 1002 2229 add.
1024 2192 1116 2228 Oud.
1139 2193 1145 2238 Ι
1173 2192 1343 2239 residua]
1370 2203 1428 2227 res

82 2234 219 2271 idonea
242 2236 267 2271 d
293 2237 300 2280 Ι
334 2239 377 2272 13
402 2236 634 2281 expedienda
658 2238 684 2272 d
714 2237 936 2282 expediendi
963 2237 1115 2284 GHP'
1143 2241 1182 2275 et
1208 2250 1296 2274 sane
1322 2239 1429 2274 uelut

84 2281 235 2318 residua
259 2283 490 2327 expedienda
514 2287 617 2319 sunt:
648 2284 688 2319 in
712 2295 786 2329 quo
811 2286 889 2322 edd.
911 2288 918 2330 Ι
946 2286 986 2321 iu
1009 2297 1084 2331 qua
1115 2286 1226 2321 sicuti
1250 2288 1364 2322 antea
1390 2286 1430 2322 et

82 2328 162 2373 ipse
187 2330 212 2364 d
234 2331 239 2373 Ι
262 2329 392 2366 ordine
420 2330 507 2366 GH

1167 2389 1218 2425 8*

1462 845 1484 876 5

1460 1139 1504 1170 10

1461 1433 1506 1464 15
