1612 2488
592 82 739 120 LIBER
760 82 807 118 H.
846 81 949 119 CAP.
976 86 1008 119 5.
1410 79 1464 121 71

114 196 246 240 sciret
274 192 712 237 Lacedaemoniorum
749 191 900 234 ducem
932 189 1198 233 Anaxibium
1230 189 1466 232 exercitum

114 255 303 312 pedestri
339 253 495 296 itinere
533 251 703 318 ducere,
742 250 1038 292 firmissimam
1069 263 1246 291 manum
1277 248 1466 291 militum

115 313 262 357 eduxit
286 327 310 355 e
334 312 519 354 nauibus
545 314 589 354 et
611 310 658 352 in
682 309 848 352 insidiis
874 309 1136 363 conlocauit,
1159 322 1292 350 naues
1318 311 1466 350 autem

114 372 235 416 omni
275 374 500 426 tamquam
542 372 721 413 onustas
764 368 904 410 milite
942 368 1089 422 palam
1134 366 1466 423 transnauigare

115 431 263 474 iussit:
294 431 358 473 ita
382 443 553 472 securos
579 432 624 471 et
646 428 754 470 nihil
779 430 1075 482 exspectantes
1099 425 1466 469 Lacedaemonios
1492 436 1516 469 5

117 505 144 533 a
172 493 296 546 tergo
325 489 547 544 ingressus
578 487 733 530 itinere
763 486 980 542 oppressit
1007 485 1215 541 fuditque.

204 548 275 591 43.
306 546 496 601 Liburni,
521 560 618 589 cum
643 545 806 588 uadosa
830 545 926 588 loca
945 544 1225 599 obsedissent,
1251 544 1467 611 capitibus

115 611 287 650 tantum
313 606 602 649 eminentibus
628 605 759 646 fidem
781 604 973 646 fecerunt
1003 603 1123 646 hosti
1147 603 1227 645 alti
1257 602 1390 644 maris
1417 617 1467 645 ac

116 667 357 720 triremem,
395 679 506 720 quae
550 678 624 707 eos
662 663 1022 719 persequebatur,
1064 663 1316 718 inplicatam
1355 661 1467 703 uado

115 728 333 781 ceperunt.
1495 730 1541 765 10

233 784 305 826 44.
342 782 588 824 Alcibiades
622 781 708 823 dux
739 780 1071 823 Atheniensium
1102 781 1148 821 in
1179 779 1468 835 Hellesponto

117 843 326 885 aduersus
374 841 619 883 Mindarum
667 839 1104 882 Lacedaemoniorum
1153 839 1323 891 ducem,
1372 853 1469 880 cum

120 901 315 955 amplum
346 901 580 942 exercitum
611 906 654 941 et
682 899 827 954 plures
857 912 991 940 naues
1022 897 1219 951 haberet,
1249 901 1376 943 nocte
1402 912 1471 939 ex-

123 960 280 1015 positis
315 960 361 1001 in
397 961 558 1000 terram
594 957 851 1013 quibusdam
889 956 1076 999 militum
1115 971 1308 1010 suorum,
1345 959 1470 1010 parte

117 1032 290 1086 quoque
320 1017 498 1059 nauium
528 1020 630 1072 post
661 1016 869 1071 quaedam
906 1016 1206 1070 promunturia
1242 1016 1469 1082 occultata,
1496 1024 1542 1057 15

119 1078 213 1132 ipse
233 1089 329 1119 cum
348 1076 499 1131 paucis
524 1075 742 1130 profectus
768 1075 841 1127 ita,
864 1078 913 1116 ut
931 1076 1180 1129 contemptu
1206 1073 1274 1116 sui
1297 1074 1468 1116 hostem

118 1135 345 1189 inuitaret,
382 1135 563 1177 eundem
600 1134 899 1189 insequentem
936 1133 1067 1189 fugit,
1104 1133 1240 1175 donec
1270 1133 1317 1175 in
1347 1147 1469 1188 prae-

118 1197 295 1250 paratas
328 1168 510 1236 insidias
547 1194 815 1249 perduceret:
853 1207 1052 1234 auersum
1090 1192 1243 1234 deinde
1274 1196 1319 1234 et
1350 1206 1469 1248 egre-

119 1252 309 1296 dientem
338 1253 384 1294 ιιι
415 1254 577 1294 terram
607 1266 684 1307 per
709 1266 799 1306 eos,
831 1266 938 1307 quos
971 1251 1026 1293 ad
1055 1250 1139 1293 hoc
1170 1251 1314 1307 ipsum
1341 1265 1468 1306 expo-

119 1314 282 1366 suerat,
312 1311 475 1353 cecidit.
1492 1319 1539 1352 20

210 1370 281 1413 45.
328 1369 464 1423 Idem,
502 1369 648 1412 nauali
686 1368 851 1423 proelio
891 1368 1206 1423 decertaturus,
1243 1368 1472 1410 constituit

121 1429 261 1472 malos
294 1428 502 1484 quosdam
532 1428 577 1470 in
607 1427 907 1482 promunturio
938 1427 1242 1482 praecepitque
1267 1426 1335 1469 his
1361 1441 1469 1482 quos

121 1487 183 1530 ibi
213 1487 503 1543 relinquebat,
531 1489 598 1541 ut,
635 1501 731 1528 cum
762 1486 1039 1529 commissum
1069 1486 1283 1541 proelium
1314 1486 1470 1528 sensis-

121 1551 236 1600 sent,
277 1546 515 1602 panderent
556 1545 671 1588 uela:
713 1560 798 1601 quo
841 1545 956 1587 facto
993 1548 1249 1588 consecutus
1293 1548 1378 1599 est,
1420 1548 1469 1586 ut

120 1604 271 1646 hostes
302 1605 431 1646 aliam
462 1605 647 1646 classem
676 1605 722 1645 in
753 1604 961 1646 auxilium
990 1604 1030 1645 ei
1054 1604 1330 1658 superuenire
1357 1603 1469 1645 arbi·
1494 1612 1542 1645 25

54 1671 59 1674 '
121 1663 228 1705 trati
256 1666 537 1705 uerterentur.

212 1721 282 1763 46.
319 1720 523 1763 Memnon
547 1720 741 1763 Rhodius
771 1721 917 1762 nauali
948 1720 1131 1774 proelio,
1162 1735 1259 1761 cum
1290 1720 1471 1762 haberet

123 1779 405 1822 ducentarum
434 1780 613 1821 nauium
644 1779 827 1820 classem
857 1781 902 1820 et
927 1778 1121 1820 hostium
1151 1793 1286 1820 naues
1318 1779 1471 1821 elicere

220 1900 237 1930 1
264 1895 487 1930 auaxabium
511 1895 537 1930 d
567 1898 572 1937 Ι
613 1898 634 1929 3
659 1893 698 1928 ιιι
730 1893 875 1928 insidiis
908 1894 934 1928 h
967 1893 1113 1929 insidiis
1138 1894 1242 1928 H¹P
1277 1897 1283 1938 Ι
1323 1899 1345 1929 4
1371 1894 1473 1930 omni

127 1941 221 1978 oud.
259 1941 425 1977 omnium
462 1941 546 1976 ΗΡ
575 1943 581 1985 Ι
613 1941 741 1986 palam
771 1951 837 1976 om.
864 1940 922 1975 ΗἸ
955 1941 961 1986 Ι
1000 1945 1022 1976 5
1052 1939 1148 1975 nihil
1171 1941 1247 1977 tale
1271 1941 1366 1977 Ded.
1391 1942 1470 1977 coll.

118 1999 160 2034 p.
185 1992 262 2032 62,
287 1992 347 2025 12.
374 1991 446 2033 67,
478 1993 502 2024 5
535 1992 542 2032 Ι
572 1987 802 2033 expectantis
827 1987 887 2033 ΡΙ
920 1990 942 2022 6
967 1987 1165 2033 adgressus
1188 1988 1228 2023 ιιι
1251 1988 1387 2024 itinere
1411 1989 1437 2024 d
1463 1988 1469 2034 Ι

127 2039 147 2070 '1
173 2036 315 2071 uadoso
339 2035 422 2071 loco
447 2036 491 2070 H
509 2037 515 2079 Ι
543 2038 564 2070 8
590 2037 736 2070 tantum
759 2034 813 2078 H,
834 2035 897 2070 sed
920 2037 985 2070 tan
1008 2036 1051 2069 in
1075 2045 1146 2070 ras.
1172 2036 1197 2070 h
1223 2036 1228 2081 Ι
1255 2034 1407 2071 fuerunt
1431 2036 1477 2070 H

125 2082 252 2117 ferunt
272 2083 365 2126 1119
390 2093 435 2118 ac
458 2082 650 2117 triremem
677 2082 722 2124 P,
748 2092 815 2117 om.
841 2081 900 2116 Ηι
924 2092 967 2117 ac
991 2081 1141 2117 trierem
1165 2083 1284 2121 12114
1307 2082 1347 2116 in
1370 2084 1474 2116 terra

125 2129 149 2163 h
170 2130 176 2170 Ι
200 2132 243 2163 15
267 2129 522 2173 promontoria
539 2130 564 2164 h
584 2132 590 2174 Ι
613 2128 741 2164 culata
758 2128 816 2162 Ηι
841 2127 964 2164 celata
986 2129 1010 2163 h
1030 2127 1036 2174 Ι
1065 2133 1109 2164 16
1134 2131 1370 2173 contemptus
1395 2129 1441 2163 H
1464 2128 1468 2174 Ι

129 2178 173 2210 17
197 2174 401 2211 innitarent
434 2176 480 2211 H
497 2178 503 2220 Ι
527 2180 570 2211 18
595 2175 795 2211 aduersum
820 2174 881 2222 ΡΙ
904 2179 947 2210 19
978 2186 1071 2220 quos
1102 2186 1170 2210 om.
1202 2175 1247 2210 H
1277 2177 1282 2218 Ι
1316 2179 1360 2210 22
1387 2185 1471 2220 pro-

128 2222 314 2257 montorio
337 2223 362 2257 h
394 2223 399 2266 Ι
433 2221 602 2268 quassibi
626 2227 697 2266 (pr.
725 2233 742 2256 s
767 2233 812 2257 ex
835 2225 873 2266 e)
900 2222 958 2257 H¹
990 2225 996 2268 Ι
1036 2226 1082 2257 23
1106 2221 1387 2266 relinquebatur
1412 2224 1474 2266 (ur

126 2279 206 2348 esfp.
225 2269 266 2311 h)
289 2280 372 2349 cisun
397 2270 440 2304 Η
466 2274 472 2313 Ι
507 2273 557 2305 26
583 2270 840 2304 auerterentur
871 2269 997 2305 Wasse
1035 2274 1041 2313 Ι
1080 2273 1126 2304 27
1151 2269 1303 2304 hrodius
1330 2269 1375 2304 H
1393 2270 1398 2313 Ι
1425 2273 1471 2305 28

126 2326 147 2349 e
165 2326 265 2360 igere
