1612 2488
130 754 174 786 10

127 1051 170 1084 15

122 1347 167 1380 20

118 1720 163 1752 25

208 97 294 140 110
479 98 581 134 IULI
604 98 839 136 FRONTINI
867 99 1299 138 STRATEGEMATON

205 207 429 263 derentur,
472 222 556 264 quo
587 208 755 250 uictum
786 212 1082 252 sustentarent
1111 224 1247 266 usque
1278 211 1334 254 ad
1363 214 1558 256 satorum

202 269 478 322 prouentum.

291 328 333 369 4.
376 326 551 382 Reliqui
595 342 646 369 ex
677 326 871 370 Variana
914 327 1064 383 clade,
1100 343 1198 371 oum
1241 329 1558 388 obsiderentur,

203 385 306 442 quia
351 386 476 429 defici
518 385 736 429 frumento
774 387 1057 443 uidebantur,
1100 387 1257 431 horrea
1293 391 1392 432 tota
1428 393 1556 434 nocte

204 445 580 488 circumduxerunt
606 446 814 502 captiuos,
847 447 999 489 deinde
1023 448 1230 503 praecisis
1261 449 1460 492 manibus
1492 450 1555 493 di-

201 505 428 547 miserunt:
466 505 511 547 hi
550 505 962 548 circumsedentibus
1001 506 1089 549 suis
1126 510 1458 562 persuaserunt,
1499 523 1555 552 ne

202 579 324 620 spem
356 567 553 607 maturae
585 565 924 621 expugnationis
955 569 1217 620 reponerent
1245 566 1292 609 in
1322 567 1439 611 fame
1469 567 1555 612 Ro-

201 638 454 678 manorum,
499 625 655 679 quibus
698 625 851 680 ingens
896 625 1203 668 alimentorum
1242 627 1368 682 copia
1408 642 1555 684 super·

201 685 329 726 esset.

290 743 329 785 5.
367 742 555 785 Thraces
574 743 620 784 in
639 743 774 786 arduo
801 746 947 786 monte
973 743 1152 799 obsessi,
1181 743 1229 787 in
1259 759 1388 800 quem
1417 745 1553 789 hosti·

199 802 280 844 bus
313 816 511 844 accessus
542 817 631 845 non
664 805 775 854 erat,
813 803 987 845 conlato
1018 803 1184 846 uiritim
1215 804 1371 860 exiguo
1401 804 1551 848 tritico

197 876 358 916 paucas
385 876 488 904 oues
508 865 722 917 pauerunt
753 862 828 917 <et
848 862 1060 918 egerunt>
1091 862 1137 905 in
1166 863 1361 906 hostium
1390 865 1552 920 praesi-

198 920 289 963 dia:
322 921 478 976 quibus
511 921 700 977 exceptis
731 923 775 963 et
806 921 973 975 occisis,
1004 935 1101 963 cum
1125 922 1334 965 frumenti
1363 923 1553 978 uestigia

197 980 243 1021 in
292 981 530 1023 uisceribus
582 995 728 1022 earum
779 981 1110 1036 apparuissent,
1161 981 1364 1037 opinatus
1407 982 1550 1026 hostis

196 1053 403 1095 magnam
435 1041 525 1082 uim
558 1039 696 1082 tritici
723 1054 947 1094 superesse
979 1040 1052 1094 eis,
1085 1040 1158 1096 qui
1188 1041 1287 1084 inde
1319 1041 1451 1084 etiam
1479 1056 1552 1098 pe-

196 1113 298 1141 cora
329 1101 575 1154 pascerent,
607 1099 788 1142 recessit
820 1099 874 1141 ab
908 1099 1144 1142 obsidione.

285 1159 324 1200 6.
370 1158 672 1213 Thrasybulus
705 1158 789 1200 dux
820 1157 1106 1213 Milesiorum,
1139 1173 1236 1201 cum
1267 1159 1400 1215 longa
1431 1159 1548 1202 obsi-

194 1217 320 1259 dione
353 1218 515 1259 milites
548 1218 615 1259 sui
649 1220 911 1274 angerentur
943 1218 998 1259 ab
1029 1216 1256 1273 Halyatte,
1294 1219 1370 1274 qui
1401 1233 1548 1274 spera-

193 1276 271 1318 bat
303 1291 375 1319 eos
409 1276 463 1327 ad
494 1277 757 1319 deditionem
794 1277 908 1319 fame
947 1290 1077 1332 posse
1108 1277 1328 1333 compelli,
1366 1277 1445 1320 sub
1477 1277 1549 1320 ad-

197 1338 374 1378 uentum
393 1337 638 1391 legatorum
660 1336 882 1391 Halyattis
901 1335 1169 1378 frume'ntum
1195 1350 1321 1379 omne
1340 1336 1386 1379 in
1403 1336 1548 1379 forum

193 1396 397 1451 compelli
440 1395 570 1438 iussit
614 1398 658 1437 et
701 1395 914 1438 conuiuiis
960 1395 1039 1437 sub
1083 1395 1127 1437 id
1169 1397 1343 1452 tempus
1374 1395 1546 1438 institu-
1610 1421 1612 1423 ·

191 1454 250 1496 tis
282 1469 360 1510 per
390 1456 529 1497 totam
560 1455 711 1508 urbem
745 1455 894 1510 epulas
924 1454 1164 1508 praestitit:
1197 1456 1328 1510 atque
1358 1453 1423 1497 ita
1452 1469 1547 1511 per-

192 1514 330 1555 suasit
359 1514 478 1556 hosti
512 1528 736 1569 superesse
769 1514 876 1569 ipsis
909 1513 1078 1568 copias,
1110 1514 1266 1568 quibus
1298 1513 1546 1556 diuturnam

192 1574 459 1615 sustinerent
491 1572 773 1616 obsidionem.

225 1713 322 1749 XVI.
363 1713 462 1757 QUA
488 1712 704 1748 RATIONE
731 1712 1086 1749 PRODITORIBUS
1111 1711 1174 1747 ΕΤ
1199 1701 1505 1748 TRANSFUGIS

698 1771 1034 1808 OCCURRATUR.

279 1870 316 1911 1.
362 1867 566 1911 Claudius
597 1868 847 1924 Marcellus,
889 1868 1062 1924 cognito
1100 1867 1281 1910 consilio
1314 1866 1360 1910 L.
1392 1866 1542 1930 Bantii

262 1972 304 2008 '4
329 1974 556 2009 frumentum
576 1973 634 2009 Η1
656 1975 661 2019 Ι
684 1973 908 2009 uidebantur
927 1992 972 1998 —
992 1974 1074 2008 tota
1096 1982 1164 2008 om.
1184 1971 1244 2007 Ηι
1265 1972 1271 2017 Ι
1296 1974 1337 2006 11
1364 1981 1539 2007 ascensus

185 2022 211 2057 d
239 2021 244 2068 Ι
275 2025 317 2055 12
343 2032 481 2066 paucas
503 2033 590 2056 oues
609 2032 676 2056 nos
694 2031 834 2066 paucas
854 2031 898 2055 eo
919 2020 965 2055 H
984 2021 1050 2054 aut
1074 2029 1181 2054 caseo
1200 2019 1239 2054 P
1267 2029 1357 2054 oues
1382 2028 1426 2053 eo
1444 2017 1537 2054 Oud.

184 2068 347 2114 pecudes
374 2079 416 2103 eo
437 2068 572 2104 Hartel
594 2070 599 2113 Ι
621 2070 660 2104 et
683 2069 839 2114 egerunt
865 2068 949 2103 add.
972 2067 1107 2102 Hartel
1129 2065 1428 2111 pepuleruntque
1453 2066 1538 2102 add.

187 2116 280 2152 Oud.
304 2116 310 2161 Ι
345 2117 383 2151 et
406 2115 446 2150 in
464 2116 498 2150 h.
525 2127 579 2159 pr.
607 2115 828 2150 dimiserunt
845 2116 924 2151 edd.
947 2117 952 2160 Ι
986 2118 1029 2150 13
1055 2112 1188 2149 occisis
1213 2114 1383 2158 quicum
1410 2113 1471 2158 ΡΙ
1494 2116 1538 2149 17

184 2163 437 2208 Thrasybulus
463 2163 541 2198 edd.
569 2164 646 2198 coll.
674 2163 849 2198 Herodot.
869 2166 903 2206 1,
923 2165 972 2198 21
999 2160 1214 2196 Thrasibius
1235 2160 1379 2205 ΟΗΡΙ
1403 2163 1446 2195 18
1471 2160 1537 2195 hae

183 2211 285 2256 lyate
311 2211 358 2247 H
374 2213 379 2255 Ι
401 2213 447 2246 20
472 2210 637 2254 halyatis
663 2210 709 2244 H
732 2212 736 2254 Ι
765 2214 809 2244 21
838 2207 1015 2254 compelli
1038 2208 1085 2244 H
1105 2207 1290 2252 compelle
1318 2207 1356 2241 P
1378 2205 1539 2252 compel-

183 2257 260 2294 lere
279 2259 304 2293 d
324 2258 550 2303 comportari
569 2258 626 2292 uel
646 2258 797 2302 congeri
813 2257 905 2292 Oud.
928 2258 934 2301 Ι
955 2256 994 2291 id
1015 2255 1052 2289 P
1074 2255 1104 2290 it
1123 2255 1169 2289 H
1185 2254 1285 2290 idem
1302 2254 1536 2290 Waehsmuth

278 2310 322 2342 27
351 2304 543 2351 claudius]
570 2304 623 2340 Cl.
645 2305 690 2339 H
694 2304 751 2349 ΡΙ
774 2305 899 2340 Bantii
917 2301 1055 2339 Nolani
1078 2302 1157 2338 edd.
1184 2302 1263 2338 coll.
1283 2302 1370 2338 Liu.
1394 2302 1459 2346 23,
1477 2303 1536 2338 15.

185 2353 286 2389 Plut.
315 2353 438 2389 Marc.
467 2356 513 2388 10
539 2350 770 2388 bateinolani
795 2352 842 2387 H
862 2351 950 2398 bate
975 2349 1118 2386 inolani
1145 2349 1182 2384 P
