1612 2488
124 727 167 759 10

125 1023 168 1054 15

122 1318 167 1349 20

123 1613 167 1644 25

190 74 247 116 32
463 75 564 111 IULI
589 74 823 111 FRONTINI
850 75 1284 113 STRATEGEMATON

190 183 256 224 illi
287 183 531 238 iniquitatis
563 187 607 226 et
636 183 893 226 insolentiae
931 185 1082 239 plenas
1119 185 1387 241 retulissent,
1426 201 1546 230 exer-

191 242 301 285 citus
333 242 630 285 Romanorum
662 243 714 285 ad
745 243 1030 299 pugnandum
1061 244 1299 287 concitatus
1331 249 1409 289 est.

230 333 234 338 .
281 301 319 344 5.
355 301 584 357 Agesilaus
610 301 1051 345 Lacedaemoniorum
1076 303 1179 359 dux,
1209 317 1307 346 cum
1330 318 1465 361 prope
1491 305 1545 348 ab

193 359 464 404 Orchomeno
486 361 603 404 socia
623 355 800 404 ciuitate
821 363 964 404 castra
982 362 1164 405 haberet
1183 364 1547 420 comperissetque
1605 400 1608 403 Α

193 420 423 476 plerosque
461 436 513 463 ex
550 421 763 463 militibus
801 420 1117 476 pretiosissima
1151 436 1297 464 rerum
1335 422 1548 478 deponere

192 480 309 522 intra
333 481 611 531 munimenta,
636 480 856 535 praecepit
882 480 1125 536 oppidanis,
1146 495 1201 524 ne
1228 481 1329 537 quid
1356 482 1410 525 ad
1432 497 1547 526 exer-

193 538 325 581 citum
351 554 477 582 suum
501 540 721 595 pertinens
747 539 1030 595 reciperetur,
1061 555 1146 595 quo
1171 540 1392 584 ardentius
1423 542 1546 584 dimi-

193 600 310 640 caret
329 599 467 650 miles,
480 599 555 654 qui
575 599 705 641 sciret
725 599 810 641 sibi
829 613 909 654 pro
924 599 1124 642 omnibus
1145 599 1235 642 suis
1253 601 1548 656 pugnandum.

283 658 319 700 6.
364 657 692 713 Epaminondas
730 658 816 700 dux
846 658 1151 701 Thebanorum
1182 658 1391 702 aduersus
1421 659 1546 703 Lace-

193 715 443 759 daemonios
483 717 782 772 dimicaturus,
819 719 868 759 ut
898 731 987 760 non
1018 718 1159 760 solum
1189 718 1356 761 uiribus
1387 719 1548 762 milites

194 776 273 829 sui,
296 790 446 818 uerum
473 776 606 819 etiam
631 776 874 819 adfectibus
901 777 1223 832 adiuuarentur‚
1246 778 1549 832 pronuntiauit

193 834 239 876 in
271 835 472 878 contione
504 835 770 878 destinatum
794 835 1164 892 Lacedaemoniis,
1195 837 1233 879 si
1257 836 1442 880 uictoria
1470 852 1549 893 po-

192 894 393 950 tirentur,
419 909 568 937 omnes
594 895 734 938 uirilis
760 909 886 938 sexus
908 895 1160 948 interficere,
1179 895 1384 939 uxoribus
1404 899 1549 939 autem

195 967 345 995 eorum
371 956 415 996 et
437 954 587 996 liberis
608 955 654 996 in
676 955 929 996 seruitutem
950 954 1147 997 abductis
1166 954 1339 998 Thebas
1360 955 1549 998 diruere:

195 1026 280 1067 qua
312 1012 639 1055 denuntiatione
665 1014 872 1056 concitati
897 1013 1037 1069 primo
1063 1014 1228 1068 impetu
1253 1013 1452 1058 Thebani
1467 1014 1549 1058 La-

193 1071 488 1115 cedaemonios
521 1075 889 1129 expugnauerunt.

284 1131 321 1173 7.
352 1130 644 1186 Leotychidas
665 1132 750 1174 dux
769 1131 1203 1174 Lacedaemoniorum
1222 1132 1360 1175 classe
1386 1145 1548 1188 pugna·

193 1192 315 1232 turus
349 1190 499 1232 eodem
526 1191 612 1246 die,
645 1205 729 1246 quo
762 1191 957 1233 uicerant
987 1191 1111 1246 socii,
1141 1191 1339 1246 quamuis
1370 1192 1547 1249 ignarus

194 1251 315 1291 actae
352 1250 416 1291 rei
454 1250 654 1305 uulgauit
690 1250 938 1292 nuntiatam
971 1251 1054 1293 sibi
1083 1250 1313 1293 uictoriam
1343 1251 1549 1306 partium,

194 1322 277 1363 quo
310 1309 626 1352 constantiores
658 1309 712 1351 ad
744 1322 937 1364 pugnam
968 1310 1129 1352 milites
1159 1309 1354 1353 haberet.

285 1368 325 1410 8.
357 1368 493 1411 Aulus
519 1368 769 1411 Postumius
800 1369 987 1424 proelio,
1018 1384 1102 1424 quo
1128 1383 1225 1411 cum
1250 1368 1418 1412 Latinis
1450 1383 1549 1412 con-

192 1426 321 1481 flixit,
354 1427 502 1470 oblata
534 1428 676 1483 specie
708 1427 890 1470 duorum
920 1428 967 1470 in
1000 1429 1119 1483 equis
1150 1429 1354 1471 iuuenum
1380 1428 1548 1471 animos

195 1500 371 1527 suorum
410 1487 565 1538 erexit,
603 1486 825 1529 Pollucem
865 1489 907 1528 et
939 1485 1160 1529 Castorem
1202 1487 1351 1529 adesse
1389 1487 1550 1542 dicens,

194 1559 244 1586 ac
277 1546 338 1587 sic
370 1545 582 1600 proelium
614 1545 816 1588 restituit.

284 1604 323 1646 9.
366 1604 655 1647 Archidamus
698 1604 1062 1647 Lacedaemonius
1107 1605 1315 1647 aduersus
1351 1603 1548 1647 ‘Axcadas

194 1663 355 1705 bellum
400 1678 552 1720 gerens
601 1679 722 1706 arma
765 1664 811 1705 in
856 1664 1008 1706 castris
1054 1665 1210 1707 statuit
1253 1666 1296 1706 et
1338 1664 1455 1707 circa
1497 1677 1550 1706 ea

195 1722 292 1764 duci
334 1737 466 1778 equos
507 1726 638 1766 noctu
683 1723 795 1766 clam
838 1723 1089 1778 imperauit:
1134 1737 1318 1779 quorum
1359 1722 1549 1779 uestigia

194 1796 332 1836 mane,
357 1785 580 1837 tamquam
601 1781 758 1825 Castor
780 1786 823 1825 et
841 1781 997 1825 Pollux
1021 1783 1381 1838 perequitassent,
1405 1784 1549 1824 osten-

196 1840 299 1882 dens
332 1841 557 1884 adfuturos
584 1842 758 1884 eosdem
783 1842 893 1897 ipsis
918 1841 1231 1897 proeliantibus
1260 1840 1489 1896 persuasit.

289 1950 309 1980 3
337 1945 634 1982 lacedemoniom
654 1947 712 1982 H¹
735 1949 739 1992 1
771 1951 812 1982 11
840 1946 1049 1982 adiectibus
1067 1946 1114 1981 H
1131 1947 1135 1990 Ι
1169 1949 1212 1980 12
1239 1944 1457 1980 condicione
1476 1944 1524 1980 H
1540 1944 1545 1992 1

194 1993 412 2037 poterentur
438 1993 495 2028 H¹
524 1995 528 2038 1
565 1998 608 2028 16
640 1995 904 2039 pugnauerunt
927 1993 974 2029 H
997 1995 1002 2038 Ι
1045 1997 1087 2028 17
1114 1991 1297 2028 Euthidas
1324 1990 1459 2036 GHP,
1483 2003 1548 2028 em.

197 2039 351 2076 casaub.
373 2051 417 2075 eoe
436 2040 609 2086 Polyaen.
630 2045 664 2084 1,
678 2044 726 2076 33
751 2041 1002 2085 Leutychidas
1014 2040 1093 2076 Scr.
1122 2041 1127 2084 Ι
1162 2040 1280 2075 classe
1300 2059 1344 2065 -
1365 2050 1438 2084 quo
1455 2039 1549 2076 Oua.

194 2098 267 2131 quo
287 2087 446 2123 classem
467 2088 734 2124 HPclassem
759 2089 950 2125 delendum
979 2088 1072 2124 coni·
1098 2088 1192 2123 idem
1219 2086 1311 2122 oud.
1348 2089 1353 2132 Ι
1395 2090 1439 2122 19
1463 2097 1549 2132 par-

193 2134 289 2169 tium
320 2146 470 2170 semum:
500 2134 547 2178 ef.
568 2146 608 2180 p.
635 2138 702 2180 35,
722 2138 783 2172 20.
817 2139 882 2179 72,
901 2138 958 2171 11.
992 2135 1094 2170 Cart.
1113 2137 1155 2178 4,
1174 2137 1214 2176 1,
1233 2137 1292 2170 35.
1317 2137 1356 2177 8,
1373 2136 1432 2170 13.
1458 2137 1494 2177 9,
1512 2135 1548 2170 2.

193 2184 291 2226 1634
314 2184 318 2226 Ι
341 2186 384 2218 21
405 2181 522 2217 Iulius
544 2182 575 2218 G
601 2182 669 2218 Iul.
690 2183 787 2227 ΗΡ,
814 2194 875 2219 em.
891 2183 917 2218 d
938 2184 943 2228 Ι
965 2185 1010 2217 22
1035 2181 1075 2217 111
1095 2201 1139 2207 -
1159 2181 1303 2217 animos
1328 2181 1370 2216 in
1388 2190 1550 2226 wapro

195 2227 292 2265 Cast.
319 2250 363 2255 -—
391 2229 443 2264 sic
469 2230 516 2265 H
542 2231 547 2275 1
582 2233 626 2264 23
659 2232 696 2265 et
727 2230 919 2266 Castorem
950 2240 1016 2265 om.
1043 2228 1081 2263 P
1105 2231 1110 2273 Ι
1145 2230 1190 2263 25
1222 2228 1403 2264 archadas
1427 2228 1475 2264 H
1479 2228 1517 2263 P

195 2280 240 2311 26
261 2277 380 2324 arma]
405 2288 510 2312 aram
525 2277 680 2313 Casaub.
709 2288 811 2313 aram
832 2278 869 2313 et
888 2287 991 2312 arma
1013 2275 1106 2312 Oud.
1126 2287 1171 2311 ex
1186 2275 1360 2322 Pobyaen.
1373 2278 1410 2320 1,
1422 2277 1518 2320 41,1

195 2327 239 2359 27
267 2325 352 2359 duci
378 2324 470 2360 duos
496 2324 668 2360 Herelius
699 2327 703 2368 Ι
740 2328 784 2360 28
803 2324 1077 2370 perequitasset
1101 2323 1148 2358 H
1156 2322 1202 2366 P,
1227 2334 1291 2358 em.
1311 2323 1337 2358 d
