1612 2488
568 77 713 114 LIBER
736 77 782 114 ΙΙ.
820 75 924 113 CAP.
949 80 983 113 5
1393 72 1452 114 65

191 190 262 233 28.
293 188 345 231 Ia
343 188 480 244 pydes
510 186 557 229 P.
581 185 749 229 Licinio
778 184 1028 240 proconsuli
1059 182 1314 239 pag<an>os
1344 195 1450 238 quo·

103 263 186 305 que
223 248 303 291 sub
338 247 480 303 specie
517 245 746 288 deditionis
781 244 1047 297 obtulerunt,
1090 243 1163 298 qui
1202 242 1365 297 recepti
1405 243 1451 283 et

101 308 149 351 in
187 310 406 362 postrema
454 305 546 348 acie
587 303 799 348 conlocati
841 308 965 358 terga
1007 302 1301 344 Romanorum
1344 299 1449 343 ceci·

102 366 269 409 derunt.

192 425 263 467 29.
306 422 451 478 Scipio
487 422 737 474 Africanus,
780 435 878 463 cum
915 420 1095 462 aduersa
1131 419 1310 461 haberet
1347 419 1451 460 bina
1476 429 1498 460 5

103 483 296 526 hostium
326 484 486 536 castra,
516 479 724 536 Syphacis
750 486 794 522 et
820 478 1263 534 Carthaginiensium,
1294 477 1453 519 statuit

106 541 332 598 Syphacis,
362 540 437 583 ubi
467 539 607 582 multa
637 538 823 581 incendii
855 539 1061 580 alimenta
1094 542 1234 590 erant,
1275 535 1453 592 adgredi

104 604 231 644 nocte
260 601 491 656 ignemque
520 599 695 652 inicere,
725 602 775 640 ut
804 611 857 640 ea
884 612 929 639 re
955 595 1167 639 Numidas
1199 595 1371 650 quidem
1402 609 1454 637 ex

105 660 196 702 suis
226 659 380 702 castris
409 658 676 713 trepidantes
708 656 921 710 caederet,
952 655 1121 698 Poenos
1150 658 1314 708 autem,
1344 668 1453 710 quos

105 721 270 762 certum
307 720 401 760 erat
431 717 484 759 ad
516 716 846 759 succurrendum
884 716 1011 757 sociis
1048 727 1352 780 procursuros,
1388 713 1453 755 ιιι-
1481 725 1525 756 ιο

106 777 227 820 sidiis
258 776 480 831 dispositis
513 776 738 830 exciperet
787 778 1015 829 utrumque
1041 788 1093 815 ex
1118 772 1336 815 sententia
1366 785 1453 814 ces-

106 837 183 879 sit:
213 835 371 889 (nam)
402 837 626 889 tamquam
652 833 705 875 ad
729 833 958 875 fortuitum
988 831 1234 874 incendium
1266 831 1357 873 sine
1388 845 1456 872 ar-

106 895 189 936 mis
219 894 509 949 procurrentis
541 892 717 935 adortus
750 891 914 934 cecidit.

196 953 267 995 30
295 952 587 1006 Mithridates,
613 966 640 993 a
664 950 843 993 Lucullo
869 950 1031 992 uirtute
1055 948 1307 1004 frequenter
1332 962 1455 1003 supe·

106 1015 247 1066 ratus,
282 1010 450 1053 insidiis
487 1025 584 1052 eum
615 1010 819 1066 appetiit,
850 1008 1101 1051 Adathante
1134 1008 1319 1063 quodam
1351 1007 1454 1049 emi·
1482 1018 1526 1050 15

105 1074 236 1113 nente
263 1069 431 1112 uiribus
463 1070 715 1121 subornato,
747 1072 797 1110 ut
826 1068 1121 1123 transfugeret
1145 1070 1189 1109 et
1212 1066 1298 1108 fide
1329 1069 1456 1121 parta

105 1129 223 1172 hosti
253 1129 420 1171 facinus
450 1131 735 1183 perpetraret:
767 1126 880 1183 quod
905 1128 942 1169 is
970 1131 1141 1168 strenue
1166 1126 1355 1181 quidem,
1381 1125 1457 1167 sed

106 1188 197 1230 sine
228 1189 386 1230 euentu
415 1189 595 1229 conatus
626 1189 718 1229 est.
764 1188 963 1240 receptus
994 1186 1107 1227 enim
1140 1200 1167 1226 a
1199 1184 1377 1226 Lucullo
1410 1184 1456 1226 in

106 1260 282 1302 gregem
306 1246 500 1301 equitum
530 1260 619 1288 non
650 1246 743 1287 sine
773 1245 910 1287 tacita
940 1244 1136 1287 custodia
1166 1243 1344 1286 habitus
1377 1246 1455 1296 est,

107 1305 208 1360 quia
237 1319 315 1348 nec
346 1305 462 1347 credi
494 1305 637 1346 subito
668 1304 922 1359 transfugae
944 1318 1025 1346 nec
1049 1303 1237 1344 inhiberi
1262 1302 1453 1357 reliquos
1478 1313 1524 1345 20

106 1364 344 1419 oportebat.
416 1378 512 1405 cum
568 1363 718 1404 deinde
771 1362 1071 1417 frequentibus
1126 1361 1453 1403 excursionibus

103 1424 351 1478 promptam
376 1424 419 1464 et
443 1421 614 1464 enixam
644 1435 822 1477 operam
853 1421 1091 1474 exhiberet,
1121 1420 1204 1462 fide
1236 1419 1453 1475 adquisita

105 1483 274 1536 tempus
311 1481 461 1537 elegit,
501 1495 585 1536 quo
622 1481 755 1523 missa
790 1480 1003 1536 principia
1033 1479 1220 1535 quietem
1252 1478 1453 1521 omnibus

106 1540 398 1582 castrensibus
437 1539 598 1582 dabant
633 1539 986 1595 praetoriumque
1023 1539 1227 1581 secretius
1259 1540 1452 1592 praesta-

106 1598 225 1640 bant.
267 1612 391 1641 casus
418 1598 585 1640 adiuuit
607 1597 843 1640 Lucullum.
890 1613 992 1640 nam
1017 1599 1089 1653 qui
1115 1597 1169 1639 ad
1194 1597 1452 1651 uigilantem
1479 1606 1525 1638 25

204 1706 223 1736 1
249 1700 371 1746 Iapies
392 1700 437 1735 H
399 1700 617 1755 ‘Iapyges
638 1701 685 1743 P,
710 1712 801 1736 corr.
822 1701 913 1736 Oua.
935 1701 1013 1736 con.
1032 1700 1122 1736 Lm.
1142 1702 1201 1744 43,
1223 1703 1257 1743 5,
1277 1702 1300 1734 3
1324 1703 1357 1735 et
1382 1701 1455 1744 epi-

108 1751 191 1784 tom.
210 1749 260 1783 43
280 1751 285 1791 Ι
307 1759 463 1793 procons
483 1747 530 1782 H
550 1759 705 1792 procons
726 1748 786 1791 ΡΙ
806 1759 971 1793 paganos
994 1747 1098 1782 Stew.
1124 1757 1243 1792 pagos
1262 1746 1345 1781 ΗΡ
1366 1758 1457 1792 pau-

112 1806 175 1831 cos
198 1794 277 1831 Sor.
299 1797 305 1840 Ι
325 1794 620 1840 pugnacissimos
646 1805 811 1839 quosque
833 1795 941 1830 Goetz
962 1796 968 1839 Ι
989 1798 1011 1829 5
1035 1805 1169 1829 auersa
1194 1796 1264 1838 (ρι’.
1285 1805 1308 1829 a
1326 1794 1368 1829 in
1386 1805 1457 1829 ras.

109 1843 223 1878 trium
247 1843 316 1878 litt.
334 1842 374 1885 h)
400 1842 444 1876 H
451 1842 497 1886 P,
522 1852 612 1877 corr.
639 1842 664 1877 d
684 1846 690 1882 1
712 1846 733 1877 6
759 1840 1099 1886 carthaginensium
1122 1841 1145 1875 h
1167 1841 1174 1887 1
1197 1845 1217 1876 7
1235 1841 1463 1876 incendiaH

110 1888 295 1924 incendiis
320 1889 398 1924 edd.
422 1891 427 1932 Ι
449 1891 471 1923 8
496 1890 642 1924 noctem
662 1888 708 1924 H
728 1889 733 1933 Ι
762 1893 804 1924 11
832 1899 877 1923 ex
901 1887 1124 1924 sententiam
1149 1888 1227 1930 (sed
1250 1900 1287 1922 m
1312 1899 1392 1933 ap.
1417 1889 1456 1931 h)

111 1936 225 1972 cessit
247 1935 294 1971 H
324 1946 368 1971 ex
399 1936 585 1972 sententia
614 1935 767 1971 incessit
787 1935 825 1969 P
841 1946 885 1970 ex
904 1936 1089 1970 sententia
1113 1935 1292 1970 successit
1309 1936 1335 1970 d
1367 1938 1373 1979 Ι
1414 1939 1456 1969 12

108 1993 197 2017 nam
220 1984 411 2027 tamquam
435 1983 568 2027 scripsi
591 1983 735 2027 tamqui
760 1983 805 2017 H
830 1984 909 2016 tam
931 1993 1091 2027 namque
1115 1982 1180 2027 qui
1199 1982 1237 2016 P
1254 1993 1414 2026 namque
1434 1983 1459 2018 d

109 2039 271 2074 namque
306 2030 349 2065 ut
375 2029 484 2066 θυαε
508 2041 596 2065 nam
629 2028 696 2076 <et
725 2029 909 2064 Numidas
938 2028 1071 2064 castris
1097 2030 1226 2064 exutos
1253 2031 1291 2064 et
1314 2029 1457 2064 Poenos

109 2074 331 2122 tam>quam
357 2076 541 2112 Graeuius
565 2077 643 2112 coll.
657 2076 744 2111 Liu.
764 2079 825 2120 30,
845 2080 879 2111 5.
899 2079 923 2112 6
955 2079 961 2120 Ι
995 2080 1038 2112 13
1062 2077 1322 2122 procurrentes
1340 2077 1364 2110 h
1385 2079 1390 2117 Ι
1414 2080 1459 2110 14

110 2122 312 2158 Mitridatis
343 2123 388 2158 H
416 2124 423 2169 1
458 2127 501 2159 15
526 2123 575 2158 ad
593 2124 747 2158 athante
774 2123 936 2168 quodam
961 2123 999 2159 P
1019 2123 1135 2158 adath
1160 2125 1362 2166 antequam
1382 2122 1427 2157 H
1452 2154 1454 2161 ,

112 2170 288 2204 Ὀλθακὸς
311 2169 412 2205 Plut.
443 2170 591 2206 Lucull.
618 2173 666 2205 16
699 2171 875 2213 Ὀλκάβα(
897 2171 1060 2216 Appian.
1088 2170 1216 2205 Mithr.
1244 2173 1292 2205 79
1325 2171 1331 2213 1
1371 2170 1459 2204 emi·

111 2216 261 2252 nentem
280 2216 338 2251 ΗἸ
360 2218 364 2262 Ι
389 2221 432 2252 16
457 2218 659 2252 subornato
684 2228 749 2252 om.
771 2217 829 2251 H¹
850 2220 856 2261 Ι
877 2217 1000 2264 parta]
1019 2217 1119 2252 facta
1139 2218 1244 2252 Stetc.
1277 2231 1279 2234 ⁴
1322 2220 1365 2251 17
1391 2217 1459 2251 ho-

114 2263 183 2298 stis
208 2263 233 2298 d
252 2265 260 2306 Ι
279 2262 338 2298 his
355 2263 651 2307 H¹1181uculo
673 2264 729 2298 Η1
751 2268 755 2306 ζ
778 2268 821 2299 21
841 2263 929 2300 dein
946 2264 1008 2309 ΡΙ
1029 2267 1073 2299 22
1093 2264 1205 2299 fidem
1223 2255 1282 2298 Hi
1304 2264 1306 2276 '
1329 2266 1375 2298 23
1394 2263 1460 2298 eli-

112 2310 170 2356 git
188 2309 246 2343 Η1
268 2310 272 2354 ᾖ
300 2313 345 2344 25
370 2321 494 2346 cassus
519 2311 578 2346 H¹

184 2374 369 2401 Paos-rmus
388 2375 435 2403 ed.
454 2375 676 2403 Gundermum.
1225 2372 1246 2403 5
