1612 2488
512 107 656 143 LIBER
679 107 741 143 IV.
780 107 881 143 CAP.
909 110 940 142 1.
1323 103 1408 146 123

60 219 183 274 patre
225 217 552 272 prouolueretur
599 218 643 258 et
689 215 851 271 pariter
899 216 1074 256 senatus
1125 227 1174 255 ac
1222 212 1407 269 populus

60 278 274 332 rogarent.

152 335 224 377 40.
265 335 464 387 Manlius,
495 334 563 376 cui
591 332 830 387 Imperioso
861 334 1014 387 postea
1044 345 1283 386 cognomen
1312 330 1409 384 fuit,

60 393 211 448 filium,
241 393 355 448 quod
372 393 410 435 is
429 396 580 435 contra
604 392 790 434 edictum
809 392 947 446 patris
973 405 1070 433 cum
1094 390 1220 432 hoste
1243 402 1408 444 pugna-

62 455 197 506 uerat,
227 452 425 507 quamuis
456 452 664 494 uictorem
694 450 740 492 in
765 453 999 505 conspectu
1029 448 1240 491 exercitus
1271 448 1409 503 uirgis
1434 458 1456 490 5

64 524 235 553 caesum
265 511 403 553 securi
423 509 655 565 percussit.

150 570 221 613 41.
257 569 443 612 Manlius
467 569 595 623 filius,
620 568 807 610 exercitu
833 581 912 623 pro
939 581 983 608 se
1009 566 1213 609 aduersus
1238 568 1409 621 patrem

64 627 316 670 seditionem
346 630 538 684 parante,
573 626 751 682 negauit
781 626 893 668 tanti
925 640 1017 668 esse
1049 639 1325 681 quemquam,
1362 628 1410 667 ut

64 690 243 742 propter
266 687 389 729 illum
409 686 636 742 disciplina
667 687 1023 740 corrumperetur,
1054 687 1098 726 et
1129 683 1331 739 obtinuit,
1360 687 1409 726 ut

63 747 207 800 ipsum
237 746 380 800 puniri
410 748 670 801 paterentur.
1436 753 1480 785 10

150 805 220 847 42.
277 803 325 854 Q.
378 803 537 846 Fabius
592 803 806 845 Maximus
854 802 1182 857 transfugarum
1236 801 1408 843 dextras

91 863 281 905 raecidit.
990 882 995 885 ·

61 877 89 917 P
150 922 220 964 43.
263 919 309 963 O.
340 919 469 963 Curio
501 921 649 963 consul
678 920 792 962 bello
825 919 1067 962 Dardanico
1104 919 1216 961 circa
1247 918 1409 974 Dyrra·

64 979 221 1035 chium,
251 993 348 1022 cum
375 994 427 1021 ex
453 979 639 1035 quinque
663 978 906 1034 legionibus
937 993 1023 1020 una
1054 978 1263 1020 seditione
1293 977 1409 1020 facta

64 1038 266 1081 militiam
292 1038 577 1081 detractasset
601 1042 927 1093 secuturamque
954 1052 999 1079 se
1024 1037 1314 1079 temeritatem
1334 1037 1408 1078 du·
1437 1047 1480 1078 15

65 1096 126 1139 cis
156 1099 202 1139 in
240 1097 557 1152 expeditionem
595 1111 792 1152 asperam
831 1098 875 1138 et
911 1096 1166 1138 insidiosam
1196 1099 1410 1151 negasset,

66 1159 270 1210 quattuor
293 1156 485 1212 legiones
511 1155 657 1197 eduxit
687 1158 877 1197 armatas
909 1158 952 1197 et
984 1155 1220 1197 consistere
1252 1154 1408 1196 ordini·

64 1214 144 1256 bus
177 1215 356 1257 detectis
389 1214 518 1256 armis
550 1215 669 1256 uelut
703 1215 749 1256 in
786 1213 875 1256 acie
906 1214 1045 1256 iussit.
1104 1216 1204 1268 post
1234 1213 1316 1255 hoc
1347 1227 1411 1255 se-

67 1272 268 1315 ditiosam
305 1273 518 1328 legionem
554 1274 762 1315 inermem
805 1273 1032 1327 procedere
1073 1273 1410 1327 discinctamque

66 1331 110 1372 in
136 1334 368 1386 conspectu
393 1332 547 1373 armati
573 1332 785 1373 exercitus
817 1334 1055 1373 stramenta
1080 1331 1222 1386 coegit
1254 1345 1410 1385 secare,
1435 1341 1481 1373 20
1533 1343 1536 1347 ·

64 1393 236 1445 postero
275 1393 417 1432 autem
455 1390 521 1432 die
563 1390 761 1432 similiter
790 1390 953 1432 fossam
986 1390 1215 1432 discinctos
1247 1389 1409 1431 milites

64 1448 227 1500 facere,
267 1449 484 1504 nullisque
526 1449 723 1504 precibus
766 1448 949 1503 legionis
993 1449 1215 1504 impetrari
1259 1449 1313 1490 ab
1359 1463 1408 1490 eo

64 1507 220 1562 potuit,
249 1522 304 1549 ne
335 1507 461 1563 signa
491 1509 581 1550 eius
614 1507 904 1550 summitteret
933 1522 1174 1562 nomenque
1206 1507 1410 1562 aboleret,

65 1566 225 1608 milites
263 1568 406 1608 autem
445 1567 491 1607 in
528 1567 875 1622 supplementum
912 1569 1151 1608 ceterarum
1190 1566 1410 1621 legionum

46 1662 51 1665 .
64 1624 351 1666 distribueret.
1436 1634 1482 1667 25

155 1683 224 1724 44.
267 1681 315 1731 Q.
340 1681 496 1724 Fuluio
524 1682 666 1737 Appio
687 1682 865 1725 Claudio
892 1683 1142 1725 consulibus
1168 1683 1327 1724 milites
1360 1697 1411 1724 ex

67 1739 544 1841 {³325ss3}ssssssssssss
574 1740 1412 1854 iaicifflceffioseffiminoessssffssfiiuffsiff

621 1834 630 1842 ⁸
874 1833 884 1854 7

68 1862 273 1899 cerentur.
338 1857 412 1899 ille
467 1861 664 1900 senatum
720 1859 951 1900 consuluit:
1008 1862 1181 1901 senatus
1233 1860 1412 1915 negauit

69 1916 151 1957 sibi
180 1917 349 1971 placere
375 1917 587 1958 committi
613 1917 679 1958 his
706 1917 1026 1971 rempublicam,
1059 1917 1162 1972 qu<i
1187 1918 1309 1971 e>am
1342 1918 1409 1959 de·
1434 1928 1482 1960 30

69 1975 318 2017 seruissent:
349 1974 553 2018 Marcello
579 1978 724 2017 tamen
749 1976 946 2030 permisit
970 1976 1123 2029 facere,
1155 1976 1270 2032 quod
1295 1977 1409 2018 uide-

164 2057 184 2089 7
210 2053 391 2090 exercitus
417 2055 461 2090 H
478 2056 484 2100 Ι
511 2059 532 2091 8
559 2055 740 2091 seditione
764 2055 798 2090 G
818 2058 824 2100 l
854 2060 896 2091 11
921 2067 1114 2092 maxumus
1132 2057 1179 2092 H
1199 2061 1283 2092 ante
1307 2068 1380 2092 ras.

71 2103 115 2135 13
135 2101 276 2147 consui]
297 2102 495 2147 proconsul
514 2103 599 2137 Liu.
614 2104 697 2148 epit.
710 2105 772 2138 92.
786 2107 846 2139 95.
872 2103 983 2139 Eutr.
998 2107 1032 2147 6,
1045 2108 1090 2140 2:
1114 2105 1161 2146 οἱ.
1178 2116 1215 2148 p.
1230 2107 1314 2147 123,
1327 2107 1380 2139 28

70 2146 294 2182 dirrachium
322 2148 356 2183 G
393 2150 598 2184 dirachium
624 2150 662 2184 P
690 2151 695 2193 1
737 2153 780 2185 15
806 2149 1073 2186 detraectasset
1097 2151 1197 2187 ΘΗ1
1225 2152 1230 2196 Ι
1263 2150 1411 2185 temeri·

68 2194 154 2246 tate·
175 2193 210 2229 G
239 2196 246 2239 Ι
279 2198 323 2230 18
348 2196 442 2232 haec
465 2197 543 2232 edd.
573 2199 578 2240 Ι
612 2196 832 2233 seditionem
862 2197 1044 2243 legiosam
1066 2200 1124 2240 (sa
1143 2209 1186 2232 ex
1204 2209 1251 2233 ne
1269 2198 1307 2241 h)
1334 2197 1381 2232 H
1404 2208 1407 2242 ε

73 2244 117 2275 19
142 2251 308 2277 inermen
326 2242 360 2278 G
381 2244 387 2288 Ι
408 2247 452 2278 21
471 2245 621 2288 postera
642 2244 676 2279 G
697 2244 702 2289 Ι
730 2247 774 2279 27
799 2243 952 2290 religati
976 2245 1036 2290 ΡΙ
1064 2249 1109 2281 28
1136 2244 1301 2291 consule]
1327 2255 1412 2289 pro-

71 2288 219 2341 consule
243 2287 330 2324 Liu.
356 2292 418 2333 25,
437 2294 460 2325 7
467 2305 478 2324 :
508 2292 570 2326 sed
594 2291 639 2334 cf.
660 2302 700 2336 p.
719 2293 806 2334 123,
826 2293 883 2327 13.
910 2295 997 2335 132,
1022 2295 1045 2328 5
1076 2296 1109 2327 et
1132 2292 1254 2337 praef.
1279 2291 1307 2338 5
1329 2295 1372 2326 11
1404 2292 1407 2337 Ι

71 2337 116 2369 30
141 2334 200 2370 lus
224 2336 248 2371 d
283 2335 315 2371 is
343 2336 470 2372 GHP
500 2341 504 2382 ί
540 2338 603 2382 qui
627 2349 710 2373 eam
734 2339 759 2374 d
793 2349 905 2383 quam
931 2339 1058 2375 GHP
