<?xml version="1.0" encoding="UTF-8"?>
<!DOCTYPE html PUBLIC "-//W3C//DTD XHTML 1.0 Transitional//EN"
    "http://www.w3.org/TR/xhtml1/DTD/xhtml1-transitional.dtd">
<html xmlns="http://www.w3.org/1999/xhtml" xml:lang="en" lang="en">
 <head>
  <title>
</title>
<meta http-equiv="Content-Type" content="text/html;charset=utf-8" />
  <meta name='ocr-system' content='tesseract 3.04.00' />
  <meta name='ocr-capabilities' content='ocr_page ocr_carea ocr_par ocr_line ocrx_word'/>
</head>
<body>
  <div class='ocr_page' id='page_1' title='image "./strategematonlib00fronuoft_0118.png"; bbox 0 0 1612 2488; ppageno 0'>
   <div class='ocr_carea' id='block_1_1' title="bbox 127 717 169 750">
    <p class='ocr_par' dir='ltr' id='par_1_1' title="bbox 127 717 169 750">
     <span class='ocr_line' id='line_1_1' title="bbox 127 717 169 750; baseline 0.048 -2"><span class='ocrx_word' id='word_1_1' title='bbox 127 717 169 750; x_wconf 88' lang='lat'>10</span> 
     </span>
    </p>
   </div>
   <div class='ocr_carea' id='block_1_2' title="bbox 128 1014 170 1046">
    <p class='ocr_par' dir='ltr' id='par_1_2' title="bbox 128 1014 170 1046">
     <span class='ocr_line' id='line_1_2' title="bbox 128 1014 170 1046; baseline 0.048 -2"><span class='ocrx_word' id='word_1_2' title='bbox 128 1014 170 1046; x_wconf 84' lang='lat'>15</span> 
     </span>
    </p>
   </div>
   <div class='ocr_carea' id='block_1_3' title="bbox 124 1381 167 1413">
    <p class='ocr_par' dir='ltr' id='par_1_3' title="bbox 124 1381 167 1413">
     <span class='ocr_line' id='line_1_3' title="bbox 124 1381 167 1413; baseline 0.023 -1"><span class='ocrx_word' id='word_1_3' title='bbox 124 1381 167 1413; x_wconf 79' lang='lat'>20</span> 
     </span>
    </p>
   </div>
   <div class='ocr_carea' id='block_1_4' title="bbox 123 1666 167 1708">
    <p class='ocr_par' dir='ltr' id='par_1_4' title="bbox 123 1666 167 1708">
     <span class='ocr_line' id='line_1_4' title="bbox 123 1666 167 1708; baseline 0 0"><span class='ocrx_word' id='word_1_4' title='bbox 123 1666 167 1708; x_wconf 70' lang='lat'>³25</span> 
     </span>
    </p>
   </div>
   <div class='ocr_carea' id='block_1_5' title="bbox 198 57 1293 102">
    <p class='ocr_par' dir='ltr' id='par_1_5' title="bbox 198 57 1293 102">
     <span class='ocr_line' id='line_1_5' title="bbox 198 57 1293 102; baseline 0 -8"><span class='ocrx_word' id='word_1_5' title='bbox 198 59 256 102; x_wconf 90' lang='lat'>94</span> <span class='ocrx_word' id='word_1_6' title='bbox 474 60 577 96; x_wconf 90' lang='lat' dir='ltr'>IULI</span> <span class='ocrx_word' id='word_1_7' title='bbox 601 58 839 96; x_wconf 83' lang='lat' dir='ltr'>FRONTINI</span> <span class='ocrx_word' id='word_1_8' title='bbox 866 57 1293 96; x_wconf 77' lang='lat' dir='ltr'>STRATEGEMATON</span> 
     </span>
    </p>
   </div>
   <div class='ocr_carea' id='block_1_6' title="bbox 193 167 1554 1116">
    <p class='ocr_par' dir='ltr' id='par_1_6' title="bbox 193 167 1554 701">
     <span class='ocr_line' id='line_1_6' title="bbox 197 167 1554 225; baseline 0.001 -13"><span class='ocrx_word' id='word_1_9' title='bbox 197 182 376 225; x_wconf 86' lang='lat' dir='ltr'>egresso</span> <span class='ocrx_word' id='word_1_10' title='bbox 402 169 490 225; x_wconf 91' lang='lat' dir='ltr'>ipsi</span> <span class='ocrx_word' id='word_1_11' title='bbox 509 183 638 224; x_wconf 91' lang='lat' dir='ltr'>apros</span> <span class='ocrx_word' id='word_1_12' title='bbox 665 168 1070 224; x_wconf 86' lang='lat' dir='ltr'>subministrabant,</span> <span class='ocrx_word' id='word_1_13' title='bbox 1096 181 1203 224; x_wconf 82' lang='lat' dir='ltr'>quos</span> <span class='ocrx_word' id='word_1_14' title='bbox 1228 167 1305 210; x_wconf 88' lang='lat' dir='ltr'>ille</span> <span class='ocrx_word' id='word_1_15' title='bbox 1328 169 1554 224; x_wconf 83' lang='lat' dir='ltr'>tamquam</span> 
     </span>
     <span class='ocr_line' id='line_1_7' title="bbox 197 226 1554 284; baseline 0.001 -13"><span class='ocrx_word' id='word_1_16' title='bbox 197 243 250 271; x_wconf 84' lang='lat' dir='ltr'>ex</span> <span class='ocrx_word' id='word_1_17' title='bbox 281 231 464 284; x_wconf 89' lang='lat' dir='ltr'>captura</span> <span class='ocrx_word' id='word_1_18' title='bbox 493 227 620 271; x_wconf 90' lang='lat' dir='ltr'>Liuio</span> <span class='ocrx_word' id='word_1_19' title='bbox 652 227 846 283; x_wconf 84' lang='lat' dir='ltr'>offerret3</span> <span class='ocrx_word' id='word_1_20' title='bbox 883 228 1010 283; x_wconf 89' lang='lat' dir='ltr'>idque</span> <span class='ocrx_word' id='word_1_21' title='bbox 1048 242 1145 270; x_wconf 88' lang='lat' dir='ltr'>cum</span> <span class='ocrx_word' id='word_1_22' title='bbox 1184 227 1355 283; x_wconf 85' lang='lat' dir='ltr'>saepius</span> <span class='ocrx_word' id='word_1_23' title='bbox 1386 226 1554 272; x_wconf 84' lang='lat' dir='ltr'>factum</span> 
     </span>
     <span class='ocr_line' id='line_1_8' title="bbox 198 284 1554 343; baseline 0 -12"><span class='ocrx_word' id='word_1_24' title='bbox 198 291 312 331; x_wconf 90' lang='lat' dir='ltr'>esset</span> <span class='ocrx_word' id='word_1_25' title='bbox 344 290 388 331; x_wconf 90' lang='lat' dir='ltr'>et</span> <span class='ocrx_word' id='word_1_26' title='bbox 418 287 515 330; x_wconf 89' lang='lat' dir='ltr'>ideo</span> <span class='ocrx_word' id='word_1_27' title='bbox 542 287 686 330; x_wconf 89' lang='lat' dir='ltr'>minus</span> <span class='ocrx_word' id='word_1_28' title='bbox 719 287 1033 343; x_wconf 88' lang='lat' dir='ltr'>obseruaretur,</span> <span class='ocrx_word' id='word_1_29' title='bbox 1065 285 1252 343; x_wconf 83' lang='lat' dir='ltr'>quadam</span> <span class='ocrx_word' id='word_1_30' title='bbox 1276 288 1410 329; x_wconf 45' lang='lat' dir='ltr'>‘nocte</span> <span class='ocrx_word' id='word_1_31' title='bbox 1434 284 1554 331; x_wconf 84' lang='lat' dir='ltr'>Han-</span> 
     </span>
     <span class='ocr_line' id='line_1_9' title="bbox 195 345 1552 391; baseline 0.001 -2"><span class='ocrx_word' id='word_1_32' title='bbox 195 347 316 390; x_wconf 81' lang='lat' dir='ltr'>nibal</span> <span class='ocrx_word' id='word_1_33' title='bbox 353 349 609 390; x_wconf 89' lang='lat' dir='ltr'>uenatorum</span> <span class='ocrx_word' id='word_1_34' title='bbox 646 346 801 390; x_wconf 88' lang='lat' dir='ltr'>habitu</span> <span class='ocrx_word' id='word_1_35' title='bbox 831 346 1001 390; x_wconf 90' lang='lat' dir='ltr'>Poenos</span> <span class='ocrx_word' id='word_1_36' title='bbox 1033 346 1264 389; x_wconf 87' lang='lat' dir='ltr'>comitibus</span> <span class='ocrx_word' id='word_1_37' title='bbox 1303 345 1396 389; x_wconf 87' lang='lat' dir='ltr'>eius</span> <span class='ocrx_word' id='word_1_38' title='bbox 1425 346 1552 391; x_wconf 84' lang='lat' dir='ltr'>imni-</span> 
     </span>
     <span class='ocr_line' id='line_1_10' title="bbox 197 405 1554 462; baseline 0 -13"><span class='ocrx_word' id='word_1_39' title='bbox 197 406 326 450; x_wconf 87' lang='lat' dir='ltr'>scuit:</span> <span class='ocrx_word' id='word_1_40' title='bbox 360 407 435 462; x_wconf 87' lang='lat' dir='ltr'>qui</span> <span class='ocrx_word' id='word_1_41' title='bbox 461 421 559 450; x_wconf 87' lang='lat' dir='ltr'>oum</span> <span class='ocrx_word' id='word_1_42' title='bbox 588 407 734 450; x_wconf 92' lang='lat' dir='ltr'>onusti</span> <span class='ocrx_word' id='word_1_43' title='bbox 759 407 990 450; x_wconf 88' lang='lat' dir='ltr'>uenatione</span> <span class='ocrx_word' id='word_1_44' title='bbox 1015 420 1146 462; x_wconf 86' lang='lat' dir='ltr'>quam</span> <span class='ocrx_word' id='word_1_45' title='bbox 1169 405 1369 448; x_wconf 84' lang='lat' dir='ltr'>ferebant</span> <span class='ocrx_word' id='word_1_46' title='bbox 1391 407 1554 462; x_wconf 76' lang='lat' dir='ltr'><strong>recepti</strong></span> 
     </span>
     <span class='ocr_line' id='line_1_11' title="bbox 196 464 1553 522; baseline -0.001 -13"><span class='ocrx_word' id='word_1_47' title='bbox 196 468 343 509; x_wconf 89' lang='lat' dir='ltr'>essent</span> <span class='ocrx_word' id='word_1_48' title='bbox 381 481 407 508; x_wconf 91' lang='lat' dir='ltr'>a</span> <span class='ocrx_word' id='word_1_49' title='bbox 444 466 720 522; x_wconf 78' lang='lat' dir='ltr'><strong>custodibus,</strong></span> <span class='ocrx_word' id='word_1_50' title='bbox 760 466 960 522; x_wconf 88' lang='lat' dir='ltr'>protinus</span> <span class='ocrx_word' id='word_1_51' title='bbox 1003 479 1076 508; x_wconf 90' lang='lat' dir='ltr'>eos</span> <span class='ocrx_word' id='word_1_52' title='bbox 1115 465 1256 508; x_wconf 84' lang='lat' dir='ltr'>adorti</span> <span class='ocrx_word' id='word_1_53' title='bbox 1295 464 1553 508; x_wconf 86' lang='lat' dir='ltr'>occiderunt.</span> 
     </span>
     <span class='ocr_line' id='line_1_12' title="bbox 195 523 1553 581; baseline -0.001 -13"><span class='ocrx_word' id='word_1_54' title='bbox 195 528 289 568; x_wconf 91' lang='lat' dir='ltr'>tum</span> <span class='ocrx_word' id='word_1_55' title='bbox 337 525 478 568; x_wconf 84' lang='lat' dir='ltr'>fracta</span> <span class='ocrx_word' id='word_1_56' title='bbox 526 527 655 581; x_wconf 87' lang='lat' dir='ltr'>porta</span> <span class='ocrx_word' id='word_1_57' title='bbox 700 525 915 568; x_wconf 87' lang='lat' dir='ltr'>admissus</span> <span class='ocrx_word' id='word_1_58' title='bbox 960 539 1057 567; x_wconf 88' lang='lat' dir='ltr'>cum</span> <span class='ocrx_word' id='word_1_59' title='bbox 1100 524 1289 567; x_wconf 86' lang='lat' dir='ltr'>exercitu</span> <span class='ocrx_word' id='word_1_60' title='bbox 1329 523 1553 568; x_wconf 81' lang='lat' dir='ltr'>Hannibal</span> 
     </span>
     <span class='ocr_line' id='line_1_13' title="bbox 196 583 1552 641; baseline -0.001 -13"><span class='ocrx_word' id='word_1_61' title='bbox 196 599 346 629; x_wconf 87' lang='lat' dir='ltr'>omnes</span> <span class='ocrx_word' id='word_1_62' title='bbox 378 585 600 628; x_wconf 86' lang='lat' dir='ltr'>Romanos</span> <span class='ocrx_word' id='word_1_63' title='bbox 632 585 872 641; x_wconf 72' lang='lat' dir='ltr'>interfecit,</span> <span class='ocrx_word' id='word_1_64' title='bbox 903 584 1094 640; x_wconf 88' lang='lat' dir='ltr'>exceptis</span> <span class='ocrx_word' id='word_1_65' title='bbox 1125 584 1196 626; x_wconf 89' lang='lat' dir='ltr'>his</span> <span class='ocrx_word' id='word_1_66' title='bbox 1227 584 1302 639; x_wconf 89' lang='lat' dir='ltr'>qui</span> <span class='ocrx_word' id='word_1_67' title='bbox 1331 583 1378 626; x_wconf 89' lang='lat' dir='ltr'>in</span> <span class='ocrx_word' id='word_1_68' title='bbox 1410 598 1552 627; x_wconf 82' lang='lat' dir='ltr'>arcem</span> 
     </span>
     <span class='ocr_line' id='line_1_14' title="bbox 193 644 490 701; baseline 0.003 -15"><span class='ocrx_word' id='word_1_69' title='bbox 193 644 490 701; x_wconf 74' lang='lat' dir='ltr'>profugerant.</span> 
     </span>
    </p>

    <p class='ocr_par' dir='ltr' id='par_1_7' title="bbox 194 700 1554 1116">
     <span class='ocr_line' id='line_1_15' title="bbox 287 700 1552 759; baseline -0.002 -13"><span class='ocrx_word' id='word_1_70' title='bbox 287 705 325 746; x_wconf 85' lang='lat'>7.</span> <span class='ocrx_word' id='word_1_71' title='bbox 369 703 652 759; x_wconf 83' lang='lat' dir='ltr'>Lysimachus</span> <span class='ocrx_word' id='word_1_72' title='bbox 684 718 760 746; x_wconf 86' lang='lat' dir='ltr'>rex</span> <span class='ocrx_word' id='word_1_73' title='bbox 778 703 1076 758; x_wconf 84' lang='lat' dir='ltr'>Macedonum,</span> <span class='ocrx_word' id='word_1_74' title='bbox 1107 717 1204 746; x_wconf 88' lang='lat' dir='ltr'>cum</span> <span class='ocrx_word' id='word_1_75' title='bbox 1229 700 1445 758; x_wconf 80' lang='lat' dir='ltr'>Ephesios</span> <span class='ocrx_word' id='word_1_76' title='bbox 1477 716 1552 758; x_wconf 88' lang='lat' dir='ltr'>op-</span> 
     </span>
     <span class='ocr_line' id='line_1_16' title="bbox 194 761 1552 819; baseline -0.001 -14"><span class='ocrx_word' id='word_1_77' title='bbox 194 765 411 819; x_wconf 86' lang='lat' dir='ltr'>pugnaret</span> <span class='ocrx_word' id='word_1_78' title='bbox 436 765 480 805; x_wconf 91' lang='lat' dir='ltr'>et</span> <span class='ocrx_word' id='word_1_79' title='bbox 504 763 573 805; x_wconf 91' lang='lat' dir='ltr'>illi</span> <span class='ocrx_word' id='word_1_80' title='bbox 597 763 645 805; x_wconf 87' lang='lat' dir='ltr'>in</span> <span class='ocrx_word' id='word_1_81' title='bbox 671 763 833 807; x_wconf 87' lang='lat' dir='ltr'>auxilio</span> <span class='ocrx_word' id='word_1_82' title='bbox 865 763 1077 805; x_wconf 89' lang='lat' dir='ltr'>haberent</span> <span class='ocrx_word' id='word_1_83' title='bbox 1100 761 1382 804; x_wconf 84' lang='lat' dir='ltr'>Mandronem</span> <span class='ocrx_word' id='word_1_84' title='bbox 1415 761 1552 803; x_wconf 84' lang='lat' dir='ltr'>archi-</span> 
     </span>
     <span class='ocr_line' id='line_1_17' title="bbox 195 819 1553 878; baseline -0.001 -14"><span class='ocrx_word' id='word_1_85' title='bbox 195 822 397 878; x_wconf 87' lang='lat' dir='ltr'>piratam,</span> <span class='ocrx_word' id='word_1_86' title='bbox 430 822 504 878; x_wconf 92' lang='lat' dir='ltr'>qui</span> <span class='ocrx_word' id='word_1_87' title='bbox 535 823 788 878; x_wconf 88' lang='lat' dir='ltr'>plerumque</span> <span class='ocrx_word' id='word_1_88' title='bbox 821 824 1020 865; x_wconf 89' lang='lat' dir='ltr'>oneratas</span> <span class='ocrx_word' id='word_1_89' title='bbox 1051 820 1214 877; x_wconf 82' lang='lat' dir='ltr'>praeda</span> <span class='ocrx_word' id='word_1_90' title='bbox 1243 834 1377 864; x_wconf 82' lang='lat' dir='ltr'>naues</span> <span class='ocrx_word' id='word_1_91' title='bbox 1406 819 1553 876; x_wconf 83' lang='lat' dir='ltr'>Ephe-</span> 
     </span>
     <span class='ocr_line' id='line_1_18' title="bbox 197 879 1554 938; baseline -0.002 -14"><span class='ocrx_word' id='word_1_92' title='bbox 197 896 293 924; x_wconf 88' lang='lat' dir='ltr'>sum</span> <span class='ocrx_word' id='word_1_93' title='bbox 338 882 609 937; x_wconf 88' lang='lat' dir='ltr'>appellebat,</span> <span class='ocrx_word' id='word_1_94' title='bbox 654 884 856 938; x_wconf 89' lang='lat' dir='ltr'>corrupto</span> <span class='ocrx_word' id='word_1_95' title='bbox 895 882 934 923; x_wconf 93' lang='lat' dir='ltr'>ei</span> <span class='ocrx_word' id='word_1_96' title='bbox 978 880 1033 923; x_wconf 87' lang='lat' dir='ltr'>ad</span> <span class='ocrx_word' id='word_1_97' title='bbox 1075 879 1368 937; x_wconf 70' lang='lat' dir='ltr'>proditionem</span> <span class='ocrx_word' id='word_1_98' title='bbox 1409 879 1554 922; x_wconf 82' lang='lat' dir='ltr'>iunxit</span> 
     </span>
     <span class='ocr_line' id='line_1_19' title="bbox 194 938 1554 998; baseline -0.003 -14"><span class='ocrx_word' id='word_1_99' title='bbox 194 941 458 984; x_wconf 88' lang='lat' dir='ltr'>fortissimos</span> <span class='ocrx_word' id='word_1_100' title='bbox 498 941 804 996; x_wconf 86' lang='lat' dir='ltr'>Macedonum,</span> <span class='ocrx_word' id='word_1_101' title='bbox 848 955 956 998; x_wconf 90' lang='lat' dir='ltr'>quos</span> <span class='ocrx_word' id='word_1_102' title='bbox 993 940 1066 982; x_wconf 90' lang='lat' dir='ltr'>ille</span> <span class='ocrx_word' id='word_1_103' title='bbox 1104 939 1316 982; x_wconf 82' lang='lat' dir='ltr'>restrictis</span> <span class='ocrx_word' id='word_1_104' title='bbox 1352 938 1554 981; x_wconf 86' lang='lat' dir='ltr'>manibus</span> 
     </span>
     <span class='ocr_line' id='line_1_20' title="bbox 195 997 1553 1057; baseline -0.002 -14"><span class='ocrx_word' id='word_1_105' title='bbox 195 1015 274 1056; x_wconf 92' lang='lat' dir='ltr'>pro</span> <span class='ocrx_word' id='word_1_106' title='bbox 308 1001 494 1056; x_wconf 86' lang='lat' dir='ltr'>captiuis</span> <span class='ocrx_word' id='word_1_107' title='bbox 525 1000 750 1057; x_wconf 87' lang='lat' dir='ltr'>Ephesum</span> <span class='ocrx_word' id='word_1_108' title='bbox 788 1000 1100 1043; x_wconf 84' lang='lat' dir='ltr'>introduceret:</span> <span class='ocrx_word' id='word_1_109' title='bbox 1138 1000 1292 1055; x_wconf 85' lang='lat' dir='ltr'>postea</span> <span class='ocrx_word' id='word_1_110' title='bbox 1330 997 1469 1053; x_wconf 85' lang='lat' dir='ltr'>raptis</span> <span class='ocrx_word' id='word_1_111' title='bbox 1501 1011 1553 1040; x_wconf 86' lang='lat' dir='ltr'>ex</span> 
     </span>
     <span class='ocr_line' id='line_1_21' title="bbox 197 1058 1250 1116; baseline -0.002 -14"><span class='ocrx_word' id='word_1_112' title='bbox 197 1074 294 1103; x_wconf 87' lang='lat' dir='ltr'>arce</span> <span class='ocrx_word' id='word_1_113' title='bbox 326 1060 459 1103; x_wconf 89' lang='lat' dir='ltr'>armis</span> <span class='ocrx_word' id='word_1_114' title='bbox 491 1061 643 1103; x_wconf 90' lang='lat' dir='ltr'>urbem</span> <span class='ocrx_word' id='word_1_115' title='bbox 674 1060 933 1116; x_wconf 87' lang='lat' dir='ltr'>Lysimacho</span> <span class='ocrx_word' id='word_1_116' title='bbox 964 1058 1250 1102; x_wconf 85' lang='lat' dir='ltr'>tradiderunt.</span> 
     </span>
    </p>
   </div>
   <div class='ocr_carea' id='block_1_7' title="bbox 242 1171 1510 1220">
    <p class='ocr_par' dir='ltr' id='par_1_8' title="bbox 242 1171 1510 1220">
     <span class='ocr_line' id='line_1_22' title="bbox 242 1171 1510 1220; baseline -0.002 -9"><span class='ocrx_word' id='word_1_117' title='bbox 242 1176 323 1213; x_wconf 91' lang='lat' dir='ltr'><strong>IIII.</strong></span> <span class='ocrx_word' id='word_1_118' title='bbox 358 1177 455 1212; x_wconf 87' lang='lat' dir='ltr'>PER</span> <span class='ocrx_word' id='word_1_119' title='bbox 482 1176 612 1220; x_wconf 82' lang='lat' dir='ltr'><strong>QUAE</strong></span> <span class='ocrx_word' id='word_1_120' title='bbox 637 1175 826 1212; x_wconf 83' lang='lat' dir='ltr'>HOSTES</span> <span class='ocrx_word' id='word_1_121' title='bbox 851 1175 917 1211; x_wconf 87' lang='lat' dir='ltr'>AD</span> <span class='ocrx_word' id='word_1_122' title='bbox 943 1173 1152 1211; x_wconf 85' lang='lat' dir='ltr'>INOPIAM</span> <span class='ocrx_word' id='word_1_123' title='bbox 1176 1171 1510 1209; x_wconf 79' lang='lat' dir='ltr'>REDIGANTUR.</span> 
     </span>
    </p>
   </div>
   <div class='ocr_carea' id='block_1_8' title="bbox 192 1246 1552 1838">
    <p class='ocr_par' dir='ltr' id='par_1_9' title="bbox 193 1246 1552 1542">
     <span class='ocr_line' id='line_1_23' title="bbox 286 1246 1552 1304; baseline -0.002 -13"><span class='ocrx_word' id='word_1_124' title='bbox 286 1250 323 1292; x_wconf 93' lang='grc'>1.</span> <span class='ocrx_word' id='word_1_125' title='bbox 363 1249 524 1292; x_wconf 87' lang='lat' dir='ltr'>Fabius</span> <span class='ocrx_word' id='word_1_126' title='bbox 543 1249 758 1292; x_wconf 88' lang='lat' dir='ltr'>Maximus</span> <span class='ocrx_word' id='word_1_127' title='bbox 783 1249 969 1292; x_wconf 88' lang='lat' dir='ltr'>uastatis</span> <span class='ocrx_word' id='word_1_128' title='bbox 996 1247 1315 1304; x_wconf 83' lang='lat' dir='ltr'>Campanorum</span> <span class='ocrx_word' id='word_1_129' title='bbox 1342 1246 1473 1302; x_wconf 87' lang='lat' dir='ltr'>agris,</span> <span class='ocrx_word' id='word_1_130' title='bbox 1496 1259 1552 1288; x_wconf 91' lang='lat' dir='ltr'>ne</span> 
     </span>
     <span class='ocr_line' id='line_1_24' title="bbox 196 1305 1550 1364; baseline -0.002 -14"><span class='ocrx_word' id='word_1_131' title='bbox 196 1309 299 1364; x_wconf 89' lang='lat' dir='ltr'>quid</span> <span class='ocrx_word' id='word_1_132' title='bbox 332 1309 393 1351; x_wconf 89' lang='lat' dir='ltr'>eis</span> <span class='ocrx_word' id='word_1_133' title='bbox 420 1309 474 1352; x_wconf 90' lang='lat' dir='ltr'>ad</span> <span class='ocrx_word' id='word_1_134' title='bbox 501 1309 702 1352; x_wconf 88' lang='lat' dir='ltr'>fiduciam</span> <span class='ocrx_word' id='word_1_135' title='bbox 727 1309 963 1352; x_wconf 87' lang='lat' dir='ltr'>obsidionis</span> <span class='ocrx_word' id='word_1_136' title='bbox 991 1308 1248 1364; x_wconf 87' lang='lat' dir='ltr'>superesset,</span> <span class='ocrx_word' id='word_1_137' title='bbox 1277 1305 1456 1349; x_wconf 86' lang='lat' dir='ltr'>recessit</span> <span class='ocrx_word' id='word_1_138' title='bbox 1486 1318 1550 1348; x_wconf 90' lang='lat' dir='ltr'>se-</span> 
     </span>
     <span class='ocr_line' id='line_1_25' title="bbox 194 1363 1551 1424; baseline -0.004 -13"><span class='ocrx_word' id='word_1_139' title='bbox 194 1368 353 1411; x_wconf 90' lang='lat' dir='ltr'>mentis</span> <span class='ocrx_word' id='word_1_140' title='bbox 385 1371 597 1424; x_wconf 88' lang='lat' dir='ltr'>tempore,</span> <span class='ocrx_word' id='word_1_141' title='bbox 634 1370 684 1411; x_wconf 90' lang='lat' dir='ltr'>ut</span> <span class='ocrx_word' id='word_1_142' title='bbox 720 1368 985 1410; x_wconf 86' lang='lat' dir='ltr'>frumentum</span> <span class='ocrx_word' id='word_1_143' title='bbox 1027 1367 1142 1423; x_wconf 90' lang='lat' dir='ltr'>quod</span> <span class='ocrx_word' id='word_1_144' title='bbox 1172 1366 1389 1422; x_wconf 86' lang='lat' dir='ltr'>reliquum</span> <span class='ocrx_word' id='word_1_145' title='bbox 1418 1363 1551 1407; x_wconf 88' lang='lat' dir='ltr'>habe·</span> 
     </span>
     <span class='ocr_line' id='line_1_26' title="bbox 194 1424 1551 1470; baseline -0.004 0"><span class='ocrx_word' id='word_1_146' title='bbox 194 1428 301 1469; x_wconf 85' lang='lat' dir='ltr'>bant</span> <span class='ocrx_word' id='word_1_147' title='bbox 345 1428 391 1470; x_wconf 89' lang='lat' dir='ltr'>in</span> <span class='ocrx_word' id='word_1_148' title='bbox 436 1428 625 1470; x_wconf 90' lang='lat' dir='ltr'>sationes</span> <span class='ocrx_word' id='word_1_149' title='bbox 671 1427 931 1470; x_wconf 86' lang='lat' dir='ltr'>conferrent:</span> <span class='ocrx_word' id='word_1_150' title='bbox 970 1440 1168 1469; x_wconf 88' lang='lat' dir='ltr'>reuersus</span> <span class='ocrx_word' id='word_1_151' title='bbox 1206 1424 1359 1467; x_wconf 90' lang='lat' dir='ltr'>deinde</span> <span class='ocrx_word' id='word_1_152' title='bbox 1396 1425 1551 1466; x_wconf 85' lang='lat' dir='ltr'>renata</span> 
     </span>
     <span class='ocr_line' id='line_1_27' title="bbox 193 1485 1276 1542; baseline -0.004 -13"><span class='ocrx_word' id='word_1_153' title='bbox 193 1487 400 1542; x_wconf 86' lang='lat' dir='ltr'>protriuit</span> <span class='ocrx_word' id='word_1_154' title='bbox 431 1489 475 1528; x_wconf 91' lang='lat' dir='ltr'>et</span> <span class='ocrx_word' id='word_1_155' title='bbox 507 1486 560 1528; x_wconf 84' lang='lat' dir='ltr'>ad</span> <span class='ocrx_word' id='word_1_156' title='bbox 591 1487 750 1529; x_wconf 87' lang='lat' dir='ltr'>famem</span> <span class='ocrx_word' id='word_1_157' title='bbox 781 1486 966 1528; x_wconf 90' lang='lat' dir='ltr'>redactis</span> <span class='ocrx_word' id='word_1_158' title='bbox 999 1485 1166 1540; x_wconf 89' lang='lat' dir='ltr'>potitus</span> <span class='ocrx_word' id='word_1_159' title='bbox 1199 1486 1276 1526; x_wconf 91' lang='lat' dir='ltr'>est.</span> 
     </span>
    </p>

    <p class='ocr_par' dir='ltr' id='par_1_10' title="bbox 286 1540 1506 1601">
     <span class='ocr_line' id='line_1_28' title="bbox 286 1540 1506 1601; baseline -0.005 -13"><span class='ocrx_word' id='word_1_160' title='bbox 286 1546 345 1598; x_wconf 79' lang='lat'>[2.</span> <span class='ocrx_word' id='word_1_161' title='bbox 386 1545 634 1601; x_wconf 87' lang='lat' dir='ltr'>Antigonus</span> <span class='ocrx_word' id='word_1_162' title='bbox 668 1545 873 1588; x_wconf 89' lang='lat' dir='ltr'>aduersus</span> <span class='ocrx_word' id='word_1_163' title='bbox 906 1544 1195 1587; x_wconf 87' lang='lat' dir='ltr'>Athenienses</span> <span class='ocrx_word' id='word_1_164' title='bbox 1226 1542 1340 1585; x_wconf 92' lang='lat' dir='ltr'>idem</span> <span class='ocrx_word' id='word_1_165' title='bbox 1371 1540 1506 1594; x_wconf 75' lang='lat' dir='ltr'>fecit-J</span> 
     </span>
    </p>

    <p class='ocr_par' dir='ltr' id='par_1_11' title="bbox 192 1599 1550 1838">
     <span class='ocr_line' id='line_1_29' title="bbox 283 1599 1548 1660; baseline -0.004 -13"><span class='ocrx_word' id='word_1_166' title='bbox 283 1605 322 1647; x_wconf 88' lang='lat'>3.</span> <span class='ocrx_word' id='word_1_167' title='bbox 367 1604 619 1660; x_wconf 84' lang='lat' dir='ltr'>Dionysius,</span> <span class='ocrx_word' id='word_1_168' title='bbox 650 1604 802 1647; x_wconf 91' lang='lat' dir='ltr'>multis</span> <span class='ocrx_word' id='word_1_169' title='bbox 834 1603 1015 1646; x_wconf 91' lang='lat' dir='ltr'>urbibus</span> <span class='ocrx_word' id='word_1_170' title='bbox 1048 1602 1198 1659; x_wconf 88' lang='lat' dir='ltr'>captis,</span> <span class='ocrx_word' id='word_1_171' title='bbox 1229 1616 1326 1644; x_wconf 91' lang='lat' dir='ltr'>cum</span> <span class='ocrx_word' id='word_1_172' title='bbox 1356 1599 1548 1656; x_wconf 88' lang='lat' dir='ltr'>Reginos</span> 
     </span>
     <span class='ocr_line' id='line_1_30' title="bbox 195 1660 1548 1720; baseline -0.004 -14"><span class='ocrx_word' id='word_1_173' title='bbox 195 1664 372 1720; x_wconf 84' lang='lat' dir='ltr'>adgredi</span> <span class='ocrx_word' id='word_1_174' title='bbox 397 1665 541 1719; x_wconf 90' lang='lat' dir='ltr'>uellet,</span> <span class='ocrx_word' id='word_1_175' title='bbox 567 1664 641 1720; x_wconf 92' lang='lat' dir='ltr'>qui</span> <span class='ocrx_word' id='word_1_176' title='bbox 662 1664 797 1719; x_wconf 88' lang='lat' dir='ltr'>copiis</span> <span class='ocrx_word' id='word_1_177' title='bbox 819 1663 1108 1718; x_wconf 86' lang='lat' dir='ltr'>abundabant,</span> <span class='ocrx_word' id='word_1_178' title='bbox 1134 1660 1372 1704; x_wconf 86' lang='lat' dir='ltr'>simulabat</span> <span class='ocrx_word' id='word_1_179' title='bbox 1395 1672 1548 1715; x_wconf 86' lang='lat' dir='ltr'>pacem</span> 
     </span>
     <span class='ocr_line' id='line_1_31' title="bbox 192 1719 1550 1779; baseline -0.004 -14"><span class='ocrx_word' id='word_1_180' title='bbox 192 1724 402 1779; x_wconf 89' lang='lat' dir='ltr'>petiitque</span> <span class='ocrx_word' id='word_1_181' title='bbox 431 1724 485 1766; x_wconf 88' lang='lat' dir='ltr'>ab</span> <span class='ocrx_word' id='word_1_182' title='bbox 512 1723 592 1779; x_wconf 90' lang='lat' dir='ltr'>eis,</span> <span class='ocrx_word' id='word_1_183' title='bbox 629 1725 678 1765; x_wconf 90' lang='lat' dir='ltr'>ut</span> <span class='ocrx_word' id='word_1_184' title='bbox 717 1726 982 1767; x_wconf 89' lang='lat' dir='ltr'>commeatus</span> <span class='ocrx_word' id='word_1_185' title='bbox 1023 1720 1231 1765; x_wconf 89' lang='lat' dir='ltr'>exercitui</span> <span class='ocrx_word' id='word_1_186' title='bbox 1261 1719 1397 1775; x_wconf 89' lang='lat' dir='ltr'>ipsius</span> <span class='ocrx_word' id='word_1_187' title='bbox 1436 1732 1550 1760; x_wconf 90' lang='lat' dir='ltr'>sum-</span> 
     </span>
     <span class='ocr_line' id='line_1_32' title="bbox 193 1777 1548 1838; baseline -0.004 -14"><span class='ocrx_word' id='word_1_188' title='bbox 193 1782 510 1825; x_wconf 88' lang='lat' dir='ltr'>ministrarent:</span> <span class='ocrx_word' id='word_1_189' title='bbox 550 1783 665 1838; x_wconf 89' lang='lat' dir='ltr'>quod</span> <span class='ocrx_word' id='word_1_190' title='bbox 705 1798 803 1826; x_wconf 90' lang='lat' dir='ltr'>cum</span> <span class='ocrx_word' id='word_1_191' title='bbox 840 1783 1128 1838; x_wconf 85' lang='lat' dir='ltr'>inpetrasset,</span> <span class='ocrx_word' id='word_1_192' title='bbox 1174 1779 1383 1822; x_wconf 86' lang='lat' dir='ltr'>exhausto</span> <span class='ocrx_word' id='word_1_193' title='bbox 1428 1777 1548 1833; x_wconf 90' lang='lat' dir='ltr'>oppi-</span> 
     </span>
    </p>
   </div>
   <div class='ocr_carea' id='block_1_9' title="bbox 193 1861 478 1867">
    <p class='ocr_par' dir='ltr' id='par_1_12' title="bbox 193 1861 478 1867">
     <span class='ocr_line' id='line_1_33' title="bbox 193 1861 478 1867; baseline 0 0"><span class='ocrx_word' id='word_1_194' title='bbox 193 1861 478 1867; x_wconf 95' lang='lat' dir='ltr'> </span> 
     </span>
    </p>
   </div>
   <div class='ocr_carea' id='block_1_10' title="bbox 190 1879 1549 2351">
    <p class='ocr_par' dir='ltr' id='par_1_13' title="bbox 192 1879 1548 2076">
     <span class='ocr_line' id='line_1_34' title="bbox 291 1879 1547 1933; baseline -0.006 -9"><span class='ocrx_word' id='word_1_195' title='bbox 291 1895 308 1923; x_wconf 86' lang='lat'>1</span> <span class='ocrx_word' id='word_1_196' title='bbox 335 1890 415 1933; x_wconf 85' lang='lat' dir='ltr'>ipse</span> <span class='ocrx_word' id='word_1_197' title='bbox 442 1900 474 1924; x_wconf 92' lang='lat' dir='ltr'>a.</span> <span class='ocrx_word' id='word_1_198' title='bbox 501 1887 810 1923; x_wconf 83' lang='lat' dir='ltr'>subministrabat</span> <span class='ocrx_word' id='word_1_199' title='bbox 834 1887 860 1923; x_wconf 82' lang='lat' dir='ltr'><strong><em>d</em></strong></span> <span class='ocrx_word' id='word_1_200' title='bbox 881 1888 886 1931; x_wconf 88' lang='grc' dir='ltr'>Ι</span> <span class='ocrx_word' id='word_1_201' title='bbox 908 1890 928 1921; x_wconf 84' lang='grc'><strong>2</strong></span> <span class='ocrx_word' id='word_1_202' title='bbox 956 1885 1104 1922; x_wconf 84' lang='lat' dir='ltr'>efferret</span> <span class='ocrx_word' id='word_1_203' title='bbox 1129 1883 1258 1928; x_wconf 71' lang='lat' dir='ltr'>GhP!</span> <span class='ocrx_word' id='word_1_204' title='bbox 1281 1886 1300 1919; x_wconf 78' lang='lat'>&#39;2</span> <span class='ocrx_word' id='word_1_205' title='bbox 1326 1882 1430 1918; x_wconf 67' lang='lat' dir='ltr'>faeta</span> <span class='ocrx_word' id='word_1_206' title='bbox 1447 1879 1547 1917; x_wconf 66' lang='lat'>611¹</span> 
     </span>
     <span class='ocr_line' id='line_1_35' title="bbox 192 1927 1548 1982; baseline -0.005 -12"><span class='ocrx_word' id='word_1_207' title='bbox 192 1935 384 1980; x_wconf 86' lang='lat' dir='ltr'>patefacta</span> <span class='ocrx_word' id='word_1_208' title='bbox 402 1937 426 1971; x_wconf 80' lang='lat' dir='ltr'>h</span> <span class='ocrx_word' id='word_1_209' title='bbox 453 1938 458 1980; x_wconf 93' lang='grc' dir='ltr'>Ι</span> <span class='ocrx_word' id='word_1_210' title='bbox 493 1939 515 1971; x_wconf 92' lang='grc'>8</span> <span class='ocrx_word' id='word_1_211' title='bbox 535 1935 582 1970; x_wconf 88' lang='lat' dir='ltr'>iis</span> <span class='ocrx_word' id='word_1_212' title='bbox 605 1935 710 1980; x_wconf 66' lang='lat' dir='ltr'>GP!</span> <span class='ocrx_word' id='word_1_213' title='bbox 746 1939 766 1970; x_wconf 88' lang='lat'><strong>9</strong></span> <span class='ocrx_word' id='word_1_214' title='bbox 798 1934 1042 1981; x_wconf 82' lang='lat' dir='ltr'>profugerant</span> <span class='ocrx_word' id='word_1_215' title='bbox 1067 1932 1102 1968; x_wconf 76' lang='lat' dir='ltr'><em>G</em></span> <span class='ocrx_word' id='word_1_216' title='bbox 1125 1931 1299 1978; x_wconf 80' lang='lat' dir='ltr'>fugerant</span> <span class='ocrx_word' id='word_1_217' title='bbox 1331 1927 1391 1964; x_wconf 73' lang='grc' dir='ltr'>ΗἸ</span> <span class='ocrx_word' id='word_1_218' title='bbox 1420 1927 1548 1982; x_wconf 74' lang='lat' dir='ltr'>perfu-</span> 
     </span>
     <span class='ocr_line' id='line_1_36' title="bbox 192 1975 1548 2028; baseline -0.005 -10"><span class='ocrx_word' id='word_1_219' title='bbox 192 1984 327 2028; x_wconf 84' lang='lat' dir='ltr'>gerant</span> <span class='ocrx_word' id='word_1_220' title='bbox 350 1983 442 2027; x_wconf 80' lang='grc' dir='ltr'>ῙιΡΙ</span> <span class='ocrx_word' id='word_1_221' title='bbox 466 1987 506 2017; x_wconf 92' lang='grc'>11</span> <span class='ocrx_word' id='word_1_222' title='bbox 539 1982 799 2028; x_wconf 86' lang='lat' dir='ltr'>Mandronem]</span> <span class='ocrx_word' id='word_1_223' title='bbox 826 1983 1020 2026; x_wconf 85' lang='grc' dir='ltr'>Ἄνδρωνα</span> <span class='ocrx_word' id='word_1_224' title='bbox 1044 1980 1221 2025; x_wconf 73' lang='lat' dir='ltr'>Polyaen.</span> <span class='ocrx_word' id='word_1_225' title='bbox 1247 1979 1281 2022; x_wconf 88' lang='lat'>5,</span> <span class='ocrx_word' id='word_1_226' title='bbox 1305 1978 1354 2012; x_wconf 88' lang='lat'>19</span> <span class='ocrx_word' id='word_1_227' title='bbox 1386 1975 1392 2023; x_wconf 91' lang='grc' dir='ltr'>Ι</span> <span class='ocrx_word' id='word_1_228' title='bbox 1427 1975 1548 2012; x_wconf 73' lang='lat' dir='ltr'>archi-</span> 
     </span>
     <span class='ocr_line' id='line_1_37' title="bbox 192 2026 1418 2076; baseline -0.004 -10"><span class='ocrx_word' id='word_1_229' title='bbox 192 2031 363 2076; x_wconf 82' lang='lat' dir='ltr'>paratam</span> <span class='ocrx_word' id='word_1_230' title='bbox 393 2030 492 2067; x_wconf 75' lang='lat' dir='ltr'>GH¹</span> <span class='ocrx_word' id='word_1_231' title='bbox 515 2031 519 2074; x_wconf 91' lang='grc' dir='ltr'>Ι</span> <span class='ocrx_word' id='word_1_232' title='bbox 545 2034 587 2065; x_wconf 87' lang='grc'>13</span> <span class='ocrx_word' id='word_1_233' title='bbox 613 2029 834 2075; x_wconf 85' lang='lat' dir='ltr'>appellabat</span> <span class='ocrx_word' id='word_1_234' title='bbox 858 2029 892 2065; x_wconf 75' lang='lat' dir='ltr'><strong><em>G</em></strong></span> <span class='ocrx_word' id='word_1_235' title='bbox 925 2029 930 2075; x_wconf 79' lang='grc' dir='ltr'>Ι</span> <span class='ocrx_word' id='word_1_236' title='bbox 961 2031 1004 2063; x_wconf 88' lang='grc'>16</span> <span class='ocrx_word' id='word_1_237' title='bbox 1029 2029 1109 2064; x_wconf 85' lang='lat' dir='ltr'>arte</span> <span class='ocrx_word' id='word_1_238' title='bbox 1135 2026 1192 2062; x_wconf 86' lang='lat' dir='ltr'>H¹</span> <span class='ocrx_word' id='word_1_239' title='bbox 1410 2069 1418 2076; x_wconf 37' lang='lat'>⁸</span> 
     </span>
    </p>

    <p class='ocr_par' dir='ltr' id='par_1_14' title="bbox 190 2067 1549 2351">
     <span class='ocr_line' id='line_1_38' title="bbox 290 2067 1549 2126; baseline -0.007 -14"><span class='ocrx_word' id='word_1_240' title='bbox 290 2081 334 2113; x_wconf 80' lang='lat'>17</span> <span class='ocrx_word' id='word_1_241' title='bbox 359 2077 576 2122; x_wconf 83' lang='lat' dir='ltr'>inadopiam</span> <span class='ocrx_word' id='word_1_242' title='bbox 593 2078 774 2123; x_wconf 85' lang='lat' dir='ltr'>regantur</span> <span class='ocrx_word' id='word_1_243' title='bbox 792 2076 851 2112; x_wconf 83' lang='grc' dir='ltr'>Η1</span> <span class='ocrx_word' id='word_1_244' title='bbox 873 2077 878 2122; x_wconf 91' lang='grc' dir='ltr'>Ι</span> <span class='ocrx_word' id='word_1_245' title='bbox 900 2080 943 2111; x_wconf 88' lang='grc'>21</span> <span class='ocrx_word' id='word_1_246' title='bbox 965 2075 1102 2111; x_wconf 82' lang='lat' dir='ltr'>cenata</span> <span class='ocrx_word' id='word_1_247' title='bbox 1120 2073 1166 2110; x_wconf 91' lang='lat' dir='ltr'><strong><em>H</em></strong></span> <span class='ocrx_word' id='word_1_248' title='bbox 1183 2075 1188 2117; x_wconf 93' lang='grc' dir='ltr'>Ι</span> <span class='ocrx_word' id='word_1_249' title='bbox 1210 2076 1254 2107; x_wconf 86' lang='grc'>22</span> <span class='ocrx_word' id='word_1_250' title='bbox 1281 2069 1440 2126; x_wconf 75' lang='lat' dir='ltr'>protimt</span> <span class='ocrx_word' id='word_1_251' title='bbox 1457 2069 1518 2105; x_wconf 82' lang='lat' dir='ltr'>H²</span> <span class='ocrx_word' id='word_1_252' title='bbox 1540 2067 1549 2124; x_wconf 61' lang='lat' dir='ltr'>l</span> 
     </span>
     <span class='ocr_line' id='line_1_39' title="bbox 191 2119 1549 2170; baseline -0.007 -9"><span class='ocrx_word' id='word_1_253' title='bbox 191 2125 305 2161; x_wconf 79' lang='lat' dir='ltr'>uerba</span> <span class='ocrx_word' id='word_1_254' title='bbox 339 2126 378 2161; x_wconf 90' lang='lat' dir='ltr'>et</span> <span class='ocrx_word' id='word_1_255' title='bbox 409 2125 458 2160; x_wconf 91' lang='lat' dir='ltr'>ad</span> <span class='ocrx_word' id='word_1_256' title='bbox 490 2146 534 2150; x_wconf 96' lang='lat'><strong>—</strong></span> <span class='ocrx_word' id='word_1_257' title='bbox 566 2124 707 2170; x_wconf 88' lang='lat' dir='ltr'>potitus</span> <span class='ocrx_word' id='word_1_258' title='bbox 746 2125 804 2161; x_wconf 90' lang='lat' dir='ltr'>est</span> <span class='ocrx_word' id='word_1_259' title='bbox 840 2123 1066 2169; x_wconf 51' lang='lat' dir='ltr'>transposita</span> <span class='ocrx_word' id='word_1_260' title='bbox 1097 2123 1182 2167; x_wconf 76' lang='lat' dir='ltr'>post</span> <span class='ocrx_word' id='word_1_261' title='bbox 1218 2119 1310 2154; x_wconf 78' lang='lat' dir='ltr'>fecit</span> <span class='ocrx_word' id='word_1_262' title='bbox 1345 2119 1549 2163; x_wconf 68' lang='lat' dir='ltr'>msequents</span> 
     </span>
     <span class='ocr_line' id='line_1_40' title="bbox 192 2164 1546 2218; baseline -0.007 -10"><span class='ocrx_word' id='word_1_263' title='bbox 192 2173 352 2218; x_wconf 72' lang='lat' dir='ltr'>exemplo</span> <span class='ocrx_word' id='word_1_264' title='bbox 376 2172 571 2209; x_wconf 75' lang='lat' dir='ltr'>tribuenda</span> <span class='ocrx_word' id='word_1_265' title='bbox 597 2172 747 2208; x_wconf 73' lang='lat' dir='ltr'>coniecit</span> <span class='ocrx_word' id='word_1_266' title='bbox 774 2172 886 2207; x_wconf 79' lang='lat' dir='ltr'>Oud.:</span> <span class='ocrx_word' id='word_1_267' title='bbox 913 2172 959 2215; x_wconf 80' lang='lat' dir='ltr'>cf.</span> <span class='ocrx_word' id='word_1_268' title='bbox 981 2169 1101 2215; x_wconf 81' lang='lat' dir='ltr'>praef.</span> <span class='ocrx_word' id='word_1_269' title='bbox 1127 2167 1155 2214; x_wconf 72' lang='lat'>§⁴</span> <span class='ocrx_word' id='word_1_270' title='bbox 1181 2170 1224 2203; x_wconf 87' lang='lat'>11</span> <span class='ocrx_word' id='word_1_271' title='bbox 1248 2168 1253 2211; x_wconf 85' lang='grc'>1</span> <span class='ocrx_word' id='word_1_272' title='bbox 1276 2168 1321 2200; x_wconf 87' lang='grc'>23</span> <span class='ocrx_word' id='word_1_273' title='bbox 1346 2164 1546 2218; x_wconf 68' lang='lat' dir='ltr'>exemplum</span> 
     </span>
     <span class='ocr_line' id='line_1_41' title="bbox 191 2213 1546 2265; baseline -0.007 -10"><span class='ocrx_word' id='word_1_274' title='bbox 191 2221 373 2256; x_wconf 76' lang='lat' dir='ltr'>alienum:</span> <span class='ocrx_word' id='word_1_275' title='bbox 396 2221 442 2264; x_wconf 78' lang='lat' dir='ltr'>ef.</span> <span class='ocrx_word' id='word_1_276' title='bbox 460 2220 579 2265; x_wconf 80' lang='lat' dir='ltr'>praef.</span> <span class='ocrx_word' id='word_1_277' title='bbox 598 2219 626 2265; x_wconf 60' lang='grc' dir='ltr'><em>ἕ</em></span> <span class='ocrx_word' id='word_1_278' title='bbox 638 2223 661 2255; x_wconf 88' lang='grc'><em>9</em></span> <span class='ocrx_word' id='word_1_279' title='bbox 685 2221 690 2261; x_wconf 85' lang='lat'>1</span> <span class='ocrx_word' id='word_1_280' title='bbox 712 2222 759 2254; x_wconf 84' lang='grc'>24</span> <span class='ocrx_word' id='word_1_281' title='bbox 777 2218 965 2254; x_wconf 87' lang='lat' dir='ltr'>Dionisius</span> <span class='ocrx_word' id='word_1_282' title='bbox 984 2217 1026 2252; x_wconf 83' lang='lat' dir='ltr'><strong><em>H</em></strong></span> <span class='ocrx_word' id='word_1_283' title='bbox 1046 2218 1052 2262; x_wconf 79' lang='grc' dir='ltr'>Ι</span> <span class='ocrx_word' id='word_1_284' title='bbox 1073 2216 1247 2262; x_wconf 86' lang='lat' dir='ltr'>regionos</span> <span class='ocrx_word' id='word_1_285' title='bbox 1272 2213 1318 2249; x_wconf 88' lang='lat' dir='ltr'><strong><em>H</em></strong></span> <span class='ocrx_word' id='word_1_286' title='bbox 1336 2214 1341 2255; x_wconf 94' lang='grc' dir='ltr'>Ι</span> <span class='ocrx_word' id='word_1_287' title='bbox 1363 2215 1409 2248; x_wconf 80' lang='grc'>25</span> <span class='ocrx_word' id='word_1_288' title='bbox 1433 2222 1546 2246; x_wconf 82' lang='lat' dir='ltr'>sunu-</span> 
     </span>
     <span class='ocr_line' id='line_1_42' title="bbox 192 2259 1548 2311; baseline -0.008 -8"><span class='ocrx_word' id='word_1_289' title='bbox 192 2267 248 2303; x_wconf 88' lang='lat' dir='ltr'>lat</span> <span class='ocrx_word' id='word_1_290' title='bbox 275 2267 312 2303; x_wconf 89' lang='lat' dir='ltr'><strong><em>P</em></strong></span> <span class='ocrx_word' id='word_1_291' title='bbox 348 2267 540 2303; x_wconf 86' lang='lat' dir='ltr'>simulauit</span> <span class='ocrx_word' id='word_1_292' title='bbox 569 2267 648 2303; x_wconf 84' lang='lat' dir='ltr'>edd.</span> <span class='ocrx_word' id='word_1_293' title='bbox 683 2269 687 2309; x_wconf 95' lang='grc' dir='ltr'>Ι</span> <span class='ocrx_word' id='word_1_294' title='bbox 721 2270 765 2301; x_wconf 88' lang='grc'>26</span> <span class='ocrx_word' id='word_1_295' title='bbox 791 2266 973 2311; x_wconf 85' lang='lat' dir='ltr'>petiitque</span> <span class='ocrx_word' id='word_1_296' title='bbox 1003 2264 1083 2301; x_wconf 84' lang='lat' dir='ltr'>edd.</span> <span class='ocrx_word' id='word_1_297' title='bbox 1107 2262 1276 2309; x_wconf 70' lang='lat' dir='ltr'>petitqoe</span> <span class='ocrx_word' id='word_1_298' title='bbox 1301 2260 1347 2295; x_wconf 85' lang='lat' dir='ltr'><em>H</em></span> <span class='ocrx_word' id='word_1_299' title='bbox 1350 2259 1409 2305; x_wconf 84' lang='grc' dir='ltr'>ΡΙ</span> <span class='ocrx_word' id='word_1_300' title='bbox 1449 2269 1548 2293; x_wconf 86' lang='lat' dir='ltr'>sum·</span> 
     </span>
     <span class='ocr_line' id='line_1_43' title="bbox 190 2314 486 2351; baseline 0.007 -3"><span class='ocrx_word' id='word_1_301' title='bbox 190 2314 406 2351; x_wconf 85' lang='lat' dir='ltr'>ministrant</span> <span class='ocrx_word' id='word_1_302' title='bbox 430 2315 486 2350; x_wconf 83' lang='grc' dir='ltr'>Ηι</span> 
     </span>
    </p>
   </div>
  </div>
 </body>
</html>
