1612 2488
106 745 148 778 10

106 1042 147 1073 15

104 1336 148 1368 20

103 1630 147 1662 25

102 1925 146 1957 30

178 94 237 135 44
453 95 552 132 IULI
577 95 816 132 FRONTINI
842 95 1271 136 STRATEGEMATON

177 203 358 259 ipsaque
389 204 474 246 loci
504 206 663 248 natura
692 219 773 260 pro
799 206 1078 248 munimentis
1109 221 1212 250 usus
1243 207 1533 251 clarissimum

178 262 329 304 ducem
360 263 476 306 uicit.

269 322 307 365 7.
336 321 458 363 Idem
485 322 599 378 apud
625 321 815 376 Cannas,
841 337 938 366 cum
971 325 1252 380 comperisset
1270 325 1534 369 Volturnum

177 395 349 423 amnem
386 382 502 423 ultra
536 382 804 437 reliquorum
838 386 1040 426 naturam
1082 383 1308 427 fluminum
1343 385 1533 442 ingentis

177 454 303 482 auras
335 455 462 483 mane
501 441 704 497 proflare,
743 456 852 497 quae
885 456 1112 484 arenarum
1143 445 1187 485 et
1216 443 1409 499 pulueris
1439 458 1533 487 uer-

176 498 283 541 tices
322 502 519 555 agerent,
558 500 620 543 sic
658 500 813 542 direxit
851 501 1005 555 aciem,
1043 504 1092 543 ut
1121 504 1216 544 tota
1252 502 1320 545 uis
1352 518 1379 545 a
1407 506 1533 559 tergo

177 558 285 613 suis,
323 558 535 601 Romanis
573 560 619 601 in
651 574 727 602 ora
758 562 802 602 et
833 560 981 603 oculos
1011 560 1246 603 incederet:
1283 562 1438 617 quibus
1469 563 1533 605 in-

176 617 414 660 commodis
441 618 548 660 mire
573 618 689 660 hosti
715 618 1044 662 aduersantibus
1063 620 1186 662 illam
1205 621 1534 664 memorabilem

175 676 357 732 adeptus
391 679 457 719 est
487 677 730 720 uictoriam.

265 735 304 778 8.
346 735 510 779 Marius
549 736 755 779 aduersus
789 736 987 780 Cimbros
1025 751 1075 780 ac
1111 737 1330 781 Teutonos
1369 738 1531 781 consti-

173 796 270 836 tuta
296 794 363 836 die
388 798 662 851 pugnaturus
687 796 907 839 firmatum
930 796 1027 839 cibo
1053 796 1238 839 militem
1264 799 1365 840 ante
1390 800 1534 840 castra

175 853 439 909 conlocauit,
478 857 528 896 ut
565 869 643 911 per
682 855 952 910 aliquantum
990 856 1140 911 spatii,
1178 870 1262 911 quo
1295 855 1534 899 aduersarii

175 912 507 968 dirimebantur,
540 914 752 957 exercitus
784 914 978 957 hostium
1008 914 1154 970 potius
1185 915 1334 958 labore
1364 914 1532 958 itineris

173 971 496 1028 profligaretur:
539 972 790 1028 fatigationi
834 973 986 1016 deinde
1024 987 1174 1016 eorum
1210 974 1534 1017 incommodum

176 1030 295 1072 aliud
321 1031 492 1086 obiecit,
517 1032 580 1074 ita
600 1032 801 1074 ordinata
828 1047 1003 1075 suorum
1029 1033 1133 1087 acie,
1158 1035 1208 1074 ut
1234 1033 1415 1076 aduerso
1442 1033 1533 1076 sole

177 1091 219 1131 et
244 1092 378 1132 uento
406 1093 449 1132 et
472 1091 649 1146 puluere
681 1091 964 1134 barbarorum
996 1094 1277 1146 occuparetur
1308 1092 1532 1134 exercitus.

266 1149 305 1192 9.
355 1147 606 1192 Cleomenes
650 1149 1017 1193 Lacedaemonius
1068 1150 1275 1192 aduersus
1320 1149 1532 1206 Hippiam

178 1207 507 1264 Atheniensem,
546 1209 620 1264 qui
653 1209 848 1264 equitatu
879 1209 1178 1265 praeualebat‚
1209 1209 1456 1264 planitiem,
1487 1209 1533 1252 in

175 1281 260 1321 qua
292 1267 572 1310 dimicaturus
606 1271 717 1323 erat,
750 1269 975 1311 arboribus
1007 1268 1241 1324 prostratis
1272 1267 1458 1324 inpediit
1489 1270 1532 1310 ct

174 1325 340 1368 inuiam
371 1326 477 1369 fecit
508 1327 656 1382 equiti.

266 1386 332 1427 10.
372 1385 527 1428 Hiberi
557 1386 604 1427 in
635 1385 784 1428 Africa
815 1386 983 1441 ingenti
1020 1385 1215 1428 hostium
1250 1385 1530 1428 multitudine

174 1445 342 1498 excepti
366 1445 672 1500 timentesque,
702 1459 756 1486 ne
783 1445 1129 1500 circumirentur,
1161 1444 1462 1500 adplicuerunt
1485 1459 1531 1487 se

172 1502 360 1558 flumini,
391 1504 506 1558 quod
539 1504 639 1545 altis
665 1504 711 1544 in
737 1518 787 1545 ea
811 1504 989 1559 regione
1019 1504 1125 1558 ripis
1150 1503 1437 1558 praefluebat:
1467 1503 1532 1546 ita

175 1576 200 1603 a
230 1564 355 1618 tergo
387 1576 513 1604 amne
547 1562 712 1605 defensi
752 1565 795 1604 et
834 1562 1031 1616 subinde,
1070 1576 1168 1604 cum
1205 1562 1368 1605 uirtute
1404 1575 1529 1618 prae·

175 1623 359 1676 starent,
392 1621 650 1663 incursando
676 1621 722 1663 in
746 1622 967 1677 proximos
994 1635 1166 1663 omnem
1196 1621 1389 1664 hostium
1414 1634 1529 1664 exer·

174 1680 308 1722 citum
341 1682 601 1724 strauerunt.

266 1740 334 1781 11.
373 1738 651 1796 Xanthippus
683 1738 1048 1782 Lacedaemonius
1088 1738 1183 1782 sola
1219 1738 1304 1782 loci
1340 1752 1531 1781 commu-

172 1798 340 1840 tatione
378 1799 596 1841 fortunam
627 1798 779 1841 Punici
815 1798 919 1840 belli
956 1797 1181 1840 conuertit.
1242 1811 1345 1840 nam
1376 1811 1472 1840 cum
1503 1811 1531 1839 a

174 1856 505 1911 desperantibus
542 1858 627 1900 iam
668 1856 1101 1913 Carthaginiensibus
1139 1855 1334 1898 mercede
1371 1855 1529 1898 sollici-

172 1917 292 1957 tatus
332 1916 712 1959 animaduertisset
742 1916 875 1958 Afros
913 1915 1104 1970 quidem,
1140 1915 1214 1969 qui
1251 1913 1447 1969 equitatu
1486 1916 1530 1956 et

175 1974 417 2029 elephantis
438 1976 734 2031 praestabant,
754 1975 887 2018 colles
908 1974 1077 2029 sectari,
1096 1988 1122 2015 a
1141 1972 1350 2015 Romanis
1371 1974 1529 2028 autem,

271 2071 288 2101 1
322 2065 397 2102 loci
424 2066 474 2111 (ci
500 2068 542 2102 in
565 2078 638 2102 ras.
664 2068 704 2112 h)
727 2067 774 2102 H
801 2069 806 2112 Ι
845 2071 868 2102 4
893 2077 1041 2102 amnem
1067 2085 1111 2091 —
1136 2063 1346 2110 fluminum]
1373 2065 1529 2100 uentum

172 2134 219 2140 —-
238 2113 431 2149 flaminum
446 2113 640 2150 Gluuerius
662 2115 667 2160 Ι
689 2114 872 2150 Volturno
886 2112 1062 2148 Aufidum
1077 2111 1189 2147 Oud..·
1207 2111 1254 2154 cf.
1270 2111 1389 2156 praefi
1409 2110 1438 2158 5
1450 2114 1496 2148 11
1518 2110 1525 2158 Ι

174 2165 194 2196 5
220 2160 381 2206 proflore
407 2160 454 2195 H
486 2164 570 2196 ante
595 2172 686 2197 corr.
723 2164 727 2204 Ι
763 2166 783 2197 6
816 2163 946 2205 aterga
970 2160 1012 2195 H
1045 2161 1050 2205 Ι
1091 2163 1111 2194 7
1137 2157 1320 2193 incideret
1343 2158 1412 2194 721³
1441 2159 1447 2202 Ι
1482 2161 1528 2194 12

173 2207 275 2253 quod
294 2208 337 2243 H
358 2208 363 2254 Ι
388 2211 430 2244 13
456 2208 573 2243 totius
593 2208 729 2244 Hartel
753 2208 856 2254 prius
879 2207 970 2243 Oud.
997 2205 1164 2251 protinus
1183 2204 1356 2241 Herelius
1377 2206 1398 2259 Ι.
1415 2209 1460 2242 15
1483 2206 1528 2240 ut

172 2266 347 2300 superscr.
375 2255 420 2290 H
448 2256 454 2300 Ι
491 2258 532 2289 17
566 2255 671 2299 hippi
697 2255 744 2289 H
772 2257 776 2299 Ι
813 2259 857 2290 19
882 2253 1028 2299 inpedit
1052 2252 1110 2287 ΗἸ
1145 2254 1158 2306 Ι.
1183 2255 1227 2287 21
1261 2252 1400 2287 Heben
1425 2251 1485 2288 H¹
1518 2251 1524 2299 Ι

174 2303 329 2338 africam
348 2303 389 2337 H
396 2302 440 2346 P,
466 2312 557 2338 corr.
578 2303 603 2337 d
624 2303 629 2346 Ι
652 2305 696 2337 23
724 2302 790 2347 qui
814 2303 869 2338 ita
892 2301 930 2336 P
949 2302 954 2345 Ι
976 2304 1021 2336 27
1046 2299 1259 2345 Xantippus
1285 2299 1347 2345 ΡΙ
1368 2302 1414 2335 29
1439 2309 1527 2335 nam

175 2349 233 2384 H¹
262 2353 266 2395 Ι
301 2348 651 2395 carthaginensibus
671 2349 718 2384 H
