1612 2488
209 81 293 124 112
480 83 580 119 IULI
604 83 842 120 FRONTINI
867 84 1300 123 STRATEGEMATON

207 192 288 234 tim
326 192 508 234 credidit
544 193 798 249 transfugae
841 208 920 236 nec
955 196 1103 237 tamen
1138 209 1231 238 rem
1274 194 1562 251 spernendam

208 254 329 294 ratus
375 252 591 307 disposuit
628 252 676 294 in
712 252 877 295 insidiis
915 253 1201 296 lectissimam
1243 269 1419 297 manum
1465 270 1564 298 suo-

209 325 320 354 rum.
380 311 434 353 ab
470 326 521 354 ea
553 311 668 354 Galli
700 313 868 367 excepti
908 312 1138 369 dupliciter
1168 312 1397 357 Hannonis
1427 314 1564 357 consi-

209 370 269 412 lio
291 371 617 414 satisfecerunt:
651 374 693 413 et
712 370 932 414 Romanos
959 372 1204 415 ceciderunt
1227 375 1271 415 et
1295 373 1380 428 ipsi
1410 387 1561 416 omnes

162 439 182 471 5
207 428 426 473 interfecti
460 433 573 473 sunt.

296 490 338 533 4.
382 489 603 532 Hannibal
642 489 774 532 simili
811 490 992 532 consilio
1031 505 1077 533 se
1110 505 1136 533 a
1165 491 1406 547 transfugis
1446 491 1591 535 ultus.

207 551 285 591 est.
329 564 430 591 nam
451 564 548 591 cum
574 549 742 604 aliquos
768 563 819 591 ex
845 549 1056 592 militibus
1084 550 1173 592 suis
1199 551 1329 592 sciret
1354 551 1564 594 transisse

206 608 404 662 proxima
440 611 567 651 nocte
603 623 683 651 nec
719 609 941 664 ignoraret
973 609 1265 664 exploratores
1297 609 1488 652 hostium
1518 609 1565 652 in

207 668 362 709 castris
389 668 478 710 suis
505 682 610 722 esse,
635 667 783 723 palam
808 668 1108 722 pronuntiauit
1136 683 1224 711 non
1249 668 1405 712 debere
1424 671 1564 712 trans-

140 736 184 768 10
209 726 335 782 fugas
379 727 527 769 uocari
567 727 890 769 sollertissimos
931 727 1118 783 milites,
1167 727 1243 783 qui
1273 727 1408 783 ipsius
1445 728 1565 771 iussu

210 786 393 828 exierint
424 786 477 828 ad
515 786 768 841 excipienda
804 786 996 829 hostium
1029 786 1222 829 consilia.
1263 787 1424 830 auditis
1456 801 1565 842 quae

207 845 526 901 pronuntiauit,
566 845 808 888 retulerunt
857 846 1152 900 exploratores
1201 845 1255 888 ad
1304 861 1431 889 suos:
1469 848 1563 888 tum

209 905 511 960 comprehensi
543 920 568 947 a
599 905 807 948 Romanis
838 905 1092 960 transfugae
1131 908 1175 948 et
1205 905 1444 961 amputatis
1475 920 1565 948 ma-

207 965 335 1006 nibus
369 964 541 1006 remissi
572 967 683 1007 sunt.

137 1032 181 1065 15
297 1022 336 1066 5.
380 1022 614 1078 Diodotus,
655 1038 751 1066 cum
789 1023 1007 1079 praesidio
1039 1023 1340 1079 Amphipolim
1370 1025 1565 1066 tueretur

212 1084 255 1124 et
286 1083 370 1125 duo
412 1082 535 1125 milia
566 1083 781 1125 Thracum
820 1086 1022 1137 suspecta
1058 1083 1264 1138 haberet,
1310 1097 1418 1138 quae
1449 1082 1564 1124 uide·

210 1141 369 1184 bantur
401 1142 551 1184 urbem
583 1142 815 1197 direptum,
846 1142 1055 1184 mentitus
1081 1145 1147 1184 est
1176 1156 1338 1196 paucas
1370 1142 1564 1184 hostium

211 1215 343 1243 naues
376 1201 572 1255 proximo
611 1201 731 1243 litori
762 1201 1022 1256 adplicuisse
1065 1215 1223 1256 easque
1255 1200 1384 1255 diripi
1413 1214 1562 1256 posse:

211 1275 296 1315 qua
328 1274 403 1314 spe
443 1261 691 1302 stimulatos
724 1260 915 1302 Thracas
949 1259 1096 1302 emisit
1137 1274 1187 1302 ac
1218 1258 1372 1302 deinde
1404 1259 1564 1302 clausis

142 1329 188 1362 20
212 1319 351 1375 portis
384 1334 472 1362 non
502 1320 680 1375 recepit.

577 1459 690 1495 XVlI.
729 1459 792 1494 DE
818 1457 1190 1495 ERUPTIONIBUS.

299 1557 336 1597 1.
382 1555 595 1609 Romani,
647 1556 718 1611 qui
768 1556 814 1596 in
863 1554 1080 1611 praesidio
1126 1554 1564 1597 Panhormitanorum

210 1618 358 1669 erant,
402 1615 600 1657 ueniente
642 1614 696 1656 ad
734 1615 1005 1656 obsidionem
1043 1613 1316 1656 Hasdrubale
1355 1628 1478 1656 raros
1510 1628 1564 1656 ex

210 1674 427 1716 industria
452 1674 496 1716 in
525 1674 659 1716 muris
685 1676 923 1729 posuerunt
948 1673 1213 1715 defensores:
1246 1687 1430 1728 quorum
1459 1687 1563 1728 pau-

139 1743 183 1775 25
212 1734 343 1776 citate
375 1735 627 1788 contempta
659 1748 755 1775 cum
786 1734 983 1775 incautus
1016 1732 1149 1774 muris
1183 1732 1433 1774 succederet
1451 1730 1563 1774 Has-

214 1792 380 1847 drubal,
414 1793 635 1847 eruptione
668 1792 781 1834 facta
812 1792 1057 1834 ceciderunt
1088 1805 1197 1832 eum.

299 1852 338 1892 2.
382 1851 595 1893 Aemilius
622 1851 795 1902 Paulus,
826 1851 1040 1893 uniuersis
1072 1849 1303 1906 Liguribus
1339 1849 1564 1904 inprouiso

214 1910 377 1952 adortis
411 1913 554 1952 castra
588 1911 691 1964 eius,
724 1911 925 1952 simulato
957 1911 1114 1952 timore
1146 1908 1330 1950 militem
1361 1908 1434 1950 diu
1465 1922 1565 1950 con-

211 1969 358 2010 tinuit:
379 1970 531 2011 deinde
559 1969 745 2025 fatigato
771 1970 858 2011 iam
884 1969 1010 2011 hoste
1037 1970 1242 2023 quattuor
1266 1967 1406 2022 portis
1439 1981 1564 2022 erup-

144 2038 190 2070 30
219 2028 336 2070 tione
367 2028 486 2070 facta
519 2030 678 2071 strauit
709 2029 907 2084 cepitque
938 2028 1132 2083 Ligures.

307 2148 326 2180 7
354 2154 437 2179 cum
463 2144 510 2179 H
530 2145 572 2179 in
595 2156 669 2180 ras.
692 2146 697 2189 Ι
731 2149 751 2180 9
779 2145 932 2180 deberet
955 2143 1002 2179 H
1019 2145 1024 2188 Ι
1055 2146 1099 2178 10
1124 2142 1202 2188 qui]
1231 2153 1304 2187 quo
1323 2142 1369 2177 H
1389 2141 1565 2187 quoniam

210 2193 235 2228 d
257 2194 262 2238 Ι
291 2196 333 2226 11
362 2190 490 2227 audita
514 2191 561 2226 H
578 2193 583 2235 Ι
614 2196 655 2227 13
683 2191 942 2237 comprehensi
966 2192 991 2226 d
1016 2190 1204 2234 conpressi
1226 2189 1335 2235 ΗΡΙ
1359 2193 1401 2225 15
1428 2189 1565 2225 Diodo—

210 2241 271 2274 tus
298 2239 344 2274 Η
348 2239 384 2273 Ρ
404 2238 588 2274 Diodorus
613 2240 692 2274 edd.
718 2240 797 2275 coll.
823 2238 912 2274 Liu.
929 2241 988 2280 44,
1006 2240 1053 2272 44
1074 2240 1079 2280 1
1104 2241 1146 2272 16
1173 2237 1346 2281 suspecta
1371 2257 1416 2263 -
1435 2237 1565 2272 urbem

210 2297 277 2323 om.
298 2286 357 2321 ΕΙ
379 2287 383 2329 Ι
417 2290 459 2321 17
487 2286 544 2321 est
569 2296 635 2321 om.
656 2286 714 2320 H¹
737 2290 741 2329 Ι
776 2290 817 2321 19
844 2285 956 2321 clasis
981 2285 1040 2320 H²

306 2338 352 2369 25
377 2334 547 2369 incautas
573 2333 631 2368 Η1
666 2334 853 2368 incautius
879 2334 904 2369 d
