1612 2488
494 103 640 140 LIBER
663 103 708 140 11.
745 102 850 140 CAP.
878 106 1028 139 10-11.
1087 85 1091 88 ’
1386 100 1443 143 83

96 214 271 258 admisit
299 212 580 270 Epidaurios,
610 226 740 268 quam
771 211 943 255 obsides
974 225 1001 254 a
1031 210 1299 266 principibus
1337 209 1445 253 acci-

122 276 224 318 eret.

90 289 120 331 p
180 334 222 376 2.
252 330 331 375 Cn.
350 331 593 386 Pompeius,
612 344 709 373 cum
733 331 954 385 suspectos
972 328 1154 371 haberet
1171 326 1443 371 Chaucenses

93 394 138 435 et
166 392 398 442 uel-eretur,
427 404 481 433 ne
517 389 779 446 praesidium
814 403 903 432 non
938 388 1199 444 reciperent,
1228 387 1358 443 petiit
1388 386 1441 429 ab

93 451 174 506 eis,
210 453 261 493 ut
290 463 443 506 aegros
474 448 651 491 interim
682 440 796 504 {pud
828 462 873 490 se
903 447 1023 490 refici
1053 448 1330 502 paterenturz-
1357 445 1441 488 for-

91 509 275 552 tissimis
310 508 462 558 deinde
498 507 653 550 habitu
694 506 995 563 languentium
1031 505 1178 548 missis
1221 505 1443 548 ciuitatem

93 567 322 623 occupauit
350 566 659 626 contigi-aitque.

181 627 222 670 3.
252 625 497 669 Alexander
522 625 692 668 deuicta
715 623 1045 681 perdomitaque
1077 622 1266 666 Thracia
1290 625 1443 678 petens

92 685 262 741 Asiam,
310 685 495 740 ueritus,
536 698 591 726 ne
633 688 736 740 post
776 684 912 739 ipsius
944 683 1181 725 discessum
1225 684 1444 725 sumerent

93 758 231 799 arma,
272 757 397 800 reges
441 757 589 786 eorum
631 742 956 798 praefectosque
998 744 1043 784 et
1082 742 1240 796 omnis,
1284 742 1441 797 quibus

92 803 323 846 uidebatur
345 802 486 845 inesse
513 817 614 844 cura
639 802 858 844 detractae
887 800 1120 855 libertatis,
1152 815 1296 843 secum
1320 800 1443 842 uelut

92 861 270 905 honoris
297 875 427 903 causa
449 861 602 915 traxit,
632 861 846 916 ignobiles
873 863 1019 902 autem
1043 859 1207 902 relictis
1232 859 1441 914 plebeios-

95 919 442 1022 gssssfflfffl
462 933 647 1021 “33:333
648 919 844 1020 *⁵¹31ssssss
864 918 1444 1033 Ρξῗρῗξθὶἓίῃθέἕῇζοξέἓῗ

96 1037 285 1094 quidem,
316 1037 504 1093 spoliata
534 1037 814 1092 principibus.
849 1011 862 1033 ’
1322 1064 1327 1068 -

180 1096 222 1139 4.
266 1096 514 1152 Antipater,
552 1098 782 1151 conspecto
817 1094 1203 1151 Peloponesiorum
1242 1095 1444 1150 exercitu,

94 1155 168 1211 qui
198 1155 347 1198 audita
376 1157 516 1198 morte
539 1154 778 1198 Alexandri
809 1154 863 1197 ad
893 1154 1186 1197 infestandum
1216 1154 1445 1209 imperium

94 1213 186 1257 eius
228 1214 539 1268 confluxerant,
588 1214 865 1256 dissimulans
909 1214 1017 1256 scire
1061 1228 1125 1268 se,
1174 1227 1259 1268 qua
1301 1215 1445 1255 mente

94 1272 333 1324 uenissent,
364 1273 528 1328 gratias
559 1273 629 1315 his
656 1273 762 1328 egit,
793 1272 909 1328 quod
933 1271 1047 1327 (ad)
1074 1272 1283 1315 auxilium
1306 1271 1444 1314 feren-

95 1331 196 1373 dum
223 1331 470 1373 Alexandro
502 1331 706 1373 aduersus
737 1331 1100 1374 Lacedaemonios
1132 1331 1446 1385 conuenissent,

97 1389 335 1444 adiecitque
364 1390 408 1432 id
440 1404 485 1432 se
515 1390 610 1445 regi
641 1390 917 1445 scripturum3
956 1392 1146 1432 ceterum
1176 1389 1312 1444 ipsos,
1345 1389 1445 1444 quia

95 1449 181 1491 sibi
212 1462 343 1504 opera
380 1462 528 1490 eorum
565 1449 611 1490 in
648 1449 897 1504 praesentia
926 1463 1014 1491 non
1046 1450 1161 1491 esset
1190 1448 1445 1503 necessaria,

95 1507 265 1549 abirent
278 1507 442 1562 domos,
463 1507 663 1550 hortatus
679 1507 822 1562 <est>:
843 1511 887 1550 et
901 1507 981 1550 hac
994 1507 1320 1550 adseueratione
1333 1507 1445 1562 peri-

96 1566 260 1620 culum,
298 1566 412 1621 quod
442 1580 494 1608 ex
522 1567 716 1609 nouitate
754 1575 915 1609 rerum'
933 1567 1193 1621 inminebat,
1229 1566 1446 1608 discussit.

184 1624 225 1666 5.
256 1622 399 1678 Scipio
418 1624 648 1667 Africanus
674 1625 721 1666 in
739 1624 966 1680 Hispania,
990 1639 1088 1667 cum
1112 1626 1226 1667 inter
1249 1625 1444 1679 captiuas

69 1681 276 1724 'eximiae
315 1682 480 1724 formae
515 1684 642 1739 uirgo
681 1683 900 1737 (nubilis)
939 1684 1067 1736 [alias
1100 1686 1143 1725 et
1172 1683 1352 1735 nobilis]
1392 1683 1445 1724 ad

97 1755 194 1783 eum
227 1740 434 1795 perducta
472 1743 586 1783 esset
624 1742 902 1796 omniumque
934 1742 1081 1784 oculos
1111 1742 1158 1783 in
1189 1755 1234 1783 se
1267 1755 1445 1784 conuer-

97 1801 227 1852 teret,
257 1813 425 1842 summa
455 1799 651 1842 custodia
679 1800 877 1842 habitam
911 1814 1069 1855 sponso
1101 1800 1275 1842 nomine
1304 1800 1445 1843 Alicio

192 1930 211 1961 1
238 1937 261 1962 a
279 1937 345 1962 om.
369 1925 457 1962 GH
478 1937 523 1962 ex
540 1927 566 1962 d
587 1929 592 1971 Ι
614 1930 635 1962 3
656 1937 852 1962 caucenses
871 1927 896 1962 d
916 1926 1133 1962 Catinenses
1157 1927 1236 1964 edd.
1265 1927 1271 1974 1
1299 1931 1321 1963 4
1333 1928 1446 1973 petiit

14 2027 17 2034 Ι
95 1973 121 2008 d
143 1973 241 2018 petit
271 1974 329 2017 (in
359 1984 433 2009 ras.
455 1984 525 2018 pro
556 1974 603 2009 ab
634 1973 686 2009 eis
714 1973 775 2017 H)
788 1973 948 2009 C'GHP
977 1973 983 2021 Ι
1022 1977 1044 2009 9
1069 1976 1301 2010 sumerentur
1330 1976 1408 2011 edd.
1438 1975 1443 2021 Ι

98 2023 140 2054 11
161 2018 359 2055 uidebatur
386 2030 453 2056 om.
484 2020 543 2055 ΗἸ
564 2022 570 2066 1
593 2021 763 2056 decretae
782 2020 829 2055 Η
855 2020 860 2067 Ι
890 2024 933 2056 12
958 2020 1137 2067 ignobilis
1156 2021 1191 2057 G
1214 2021 1444 2067 ignobilibus

1470 752 1514 784 10

1472 1047 1515 1079 15

1471 1342 1518 1374 ‘20

1471 1637 1517 1667 ‘25

99 2065 137 2100 Ρ
161 2066 190 2120 1.
205 2066 356 2103 relictos
380 2068 404 2103 h
442 2069 448 2112 1
486 2067 617 2113 pbeios
644 2068 788 2111 (omisso
813 2071 901 2113 que)
925 2068 963 2104 P
998 2072 1004 2113 Ι
1044 2071 1090 2104 16
1113 2068 1445 2114 Peloponesiorum
1511 2064 1517 2068 ’

97 2111 325 2149 Fremsheim
348 2115 391 2150 in
413 2115 532 2160 suppl.
557 2114 658 2151 Gurt.
684 2118 721 2159 6,
740 2118 761 2150 1
792 2114 914 2160 priore
939 2115 1127 2151 neciorum
1154 2115 1239 2152 GH
1242 2116 1280 2151 P
1302 2117 1309 2161 Ι
1343 2126 1445 2151 exer·

96 2159 193 2195 citus
221 2158 330 2206 GH1
354 2164 396 2196 18
416 2161 657 2197 conflixerant
674 2161 743 2207 H}
767 2165 809 2197 19
834 2161 893 2197 his
912 2161 959 2198 H
978 2162 1023 2198 iis
1049 2163 1151 2209 GP!
1173 2163 1220 2198 ad
1244 2163 1364 2208 suppl.
1390 2163 1415 2198 d
1436 2163 1439 2197 Ι

96 2205 249 2260 ferendo
274 2207 320 2242 H
336 2213 341 2251 ι
365 2211 408 2242 21
435 2207 474 2243 id
488 2219 553 2245 om.
575 2208 610 2244 G
631 2210 636 2254 Ι
658 2213 703 2244 23
730 2212 789 2244 est
810 2210 955 2254 supplet
978 2211 1003 2246 d
1024 2211 1029 2255 Ι
1051 2213 1097 2245 26
1124 2210 1217 2245 alias
1244 2212 1283 2245 et
1306 2209 1444 2245 nobilis

96 2252 257 2295 (nobiles
280 2253 330 2299 G)
357 2254 443 2290 GH
448 2255 500 2299 P,
529 2257 659 2301 quibus
684 2256 807 2292 deletis
834 2255 973 2292 nubilis
998 2257 1082 2293 add.
1111 2256 1204 2292 Oud.
1231 2258 1270 2291 et
1294 2256 1444 2301 nubilis,

97 2300 209 2336 deleto
222 2300 328 2353 alias,
341 2300 441 2338 Seru·
466 2303 640 2348 cfipraef.
654 2302 681 2349 5
693 2305 742 2338 13
767 2304 773 2348 1
795 2302 964 2349 captiuas
983 2304 1078 2339 alias
1104 2303 1260 2339 eximiae
1284 2302 1310 2339 f.
1335 2303 1444 2348 uirgo

98 2347 138 2382 et
161 2346 296 2382 nobihs
321 2349 398 2384 edd.
421 2350 427 2393 Ι
448 2353 494 2385 28
514 2348 624 2385 alicio
647 2350 684 2385 P
700 2349 894 2386 aliciorum
908 2350 1196 2386 GHAllucceio
1216 2350 1303 2385 In'u.
1319 2353 1384 2394 26,
1397 2354 1444 2387 50

1180 2408 1230 2441 g*
