1612 2488
106 719 149 751 10

103 1015 145 1046 15

100 1309 145 1341 20

97 1605 141 1637 25

184 63 238 106 18
451 64 551 101 IULI
576 64 814 101 FRONTINI
840 64 1273 104 STRATEGEMATON

182 173 273 216 acie
307 173 380 228 <in
412 174 543 216 armis
575 176 871 230 permanente,
901 175 1033 218 tertia
1064 177 1207 218 autem
1236 176 1354 232 acie>
1383 177 1536 221 furtim

181 248 206 275 a
236 235 362 290 tergo
396 233 450 275 ad
482 247 590 288 opus
629 233 861 288 adplicata,
899 233 1142 289 quindecim
1178 235 1335 290 pedum
1370 236 1535 279 fossam

179 291 298 347 fecit,
329 292 445 334 intra
476 307 606 347 quam
639 292 719 334 sub
752 307 952 335 occasum
984 293 1088 336 solis
1114 295 1271 337 armati
1302 309 1347 337 se
1371 295 1536 339 milites

180 352 272 394 eius
303 353 566 406 receperunt.

272 411 338 454 10.
369 410 559 453 Pericles
590 410 891 466 Atheniensis,
923 426 948 453 a
974 410 1327 467 Peloponnensiis
1357 413 1405 456 in
1434 428 1534 456 eum

177 470 321 513 locum
361 471 626 526 compulsus,
665 470 738 524 qui
773 470 961 526 undique
999 471 1194 526 abruptis
1226 472 1392 516 cinctus
1424 472 1533 515 duos

176 532 349 572 tantum
380 530 520 572 exitus
551 529 760 584 habebat,
791 529 846 571 ab
873 529 1012 572 altera
1034 533 1159 586 parte
1190 530 1356 573 fossam
1381 532 1531 588 ingen—

176 589 234 631 tis
265 589 509 631 latitudinis
541 588 662 631 duxit
693 589 813 630 uelut
842 589 983 632 hostis
1010 589 1264 632 excludendi
1295 604 1443 642 causa,
1475 591 1531 634 ab

176 648 314 690 altera
339 648 524 690 limitem
550 661 678 704 agere
704 648 858 703 coepit,
883 650 1108 703 tamquam
1132 663 1211 704 per
1236 663 1334 691 eum
1359 652 1531 705 eruptu-

174 722 260 749 rus.
322 707 368 749 hi
399 707 471 762 qui
503 707 785 762 obsidebant,
823 721 920 750 cum
950 721 1028 762 per
1057 707 1241 763 fossam,
1272 722 1402 764 quam
1433 709 1529 764 ipse

174 766 354 822 fecerat,
397 766 632 808 exercitum
669 765 849 808 Periclis
891 781 979 809 non
1022 766 1246 810 crederent
1287 781 1530 822 euasurum,

174 826 367 868 uniuersi
399 841 424 868 a
454 825 592 867 limite
625 825 905 875 obstiterunt:
941 825 1150 881 Pericles,
1179 826 1388 881 pontibus
1419 841 1530 883 quos

172 887 512 940 praeparauerat
542 885 684 927 fossae
715 885 903 940 iniectis,
937 899 1038 927 suos
1065 885 1161 940 quis
1187 899 1275 928 non
1300 885 1530 928 resisteba-

172 947 243 986 tur
274 944 429 986 emisit.

265 1004 332 1045 11.
363 1002 669 1058 Lysimachus,
701 1017 753 1044 ex
778 1002 846 1044 his
871 1017 980 1045 unus
1005 1002 1050 1044 in
1076 1017 1182 1058 quos
1209 1017 1313 1059 opes
1337 1002 1528 1050 Alexan-

173 1062 238 1103 dri
275 1062 562 1113 transierunt,
600 1076 696 1103 cum
736 1061 898 1103 editum
937 1061 1091 1104 collem
1126 1062 1281 1104 castris
1316 1061 1528 1104 destinas·

173 1124 255 1176 set,
287 1121 564 1176 inprudentia
597 1123 741 1163 autem
769 1135 943 1163 suorum
969 1121 1015 1162 in
1039 1119 1291 1163 inferiorem
1317 1120 1525 1164 deductus

171 1183 395 1222 uei-eretur
437 1195 489 1222 ex
534 1180 752 1235 superiore
802 1179 995 1222 hostium
1043 1181 1280 1230 incursum,
1329 1179 1526 1235 triplices

169 1239 312 1282 fossas
343 1240 460 1282 intra
490 1239 656 1281 uallum
688 1238 863 1293 obiecit3
899 1238 1052 1281 deinde
1090 1238 1356 1294 simplicibus
1392 1238 1525 1281 fossis

171 1298 284 1341 circa
329 1299 473 1341 omnia
514 1298 706 1340 tentoria
744 1298 883 1340 ductis
920 1300 1015 1340 tota
1060 1300 1203 1340 castra
1246 1297 1442 1341 confodit
1479 1300 1527 1340 et

169 1359 435 1413 intersaepto
485 1357 678 1400 hostium
729 1357 866 1411 aditu,
916 1357 1043 1398 simul
1090 1357 1222 1399 humo
1267 1371 1437 1413 quoque
1480 1358 1525 1400 et

167 1417 393 1460 frondibus
427 1431 532 1471 quas
563 1416 692 1459 fossis
726 1416 1013 1471 superiecerat
1044 1415 1342 1471 <pate>facto,
1375 1416 1421 1457 in
1452 1430 1524 1458 su-

167 1476 338 1531 periora
370 1476 518 1518 euasit.

261 1535 327 1578 12.
373 1533 418 1577 C.
449 1534 658 1577 Fonteius
691 1533 873 1577 Crassus
911 1534 958 1575 in
994 1532 1210 1588 Hispania
1247 1547 1344 1575 cum
1379 1533 1521 1576 tribus

167 1595 342 1636 milibus
367 1594 592 1636 hominum
617 1594 872 1649 praedatum
897 1592 1117 1648 profectus
1138 1591 1348 1647 <locoque
1372 1591 1520 1647 iniquo

167 1654 511 1707 circumuentus>
543 1653 597 1695 ab
629 1652 921 1707 Hasdrubale,
960 1651 1013 1694 ad
1050 1651 1213 1707 primos
1250 1653 1422 1694 tantum
1453 1665 1521 1693 or-

167 1713 287 1755 dines
326 1713 462 1755 relato
499 1711 697 1767 consilio,
742 1711 974 1767 incipiente
1017 1713 1162 1766 nocte,
1200 1724 1283 1765 quo
1324 1713 1520 1765 tempore

263 1809 280 1839 1
309 1805 348 1840 in
367 1826 413 1831 —
433 1805 512 1840 acie
537 1805 658 1850 suppl.
679 1804 814 1840 Hartel
837 1814 881 1839 ex
907 1803 1006 1839 Caes.
1027 1804 1059 1839 b.
1079 1814 1107 1839 c.
1127 1806 1168 1846 1,
1187 1805 1234 1838 41
1255 1802 1519 1847 praecum-tibus

165 1852 306 1887 Schelio
337 1856 369 1887 et
403 1851 497 1888 Oud.
526 1854 530 1893 1
571 1857 592 1886 2
619 1851 710 1887 .XV.
738 1852 775 1887 P
798 1853 803 1895 Ι
838 1854 859 1885 5
890 1851 1006 1886 simile
1036 1850 1236 1895 exemplum
1261 1851 1295 1892 3,
1315 1851 1352 1892 9,
1371 1852 1415 1891 9;
1452 1849 1519 1885 hoc

164 1900 324 1935 alienum
345 1902 457 1944 putat
488 1899 739 1934 Wachsmuth:
765 1899 811 1942 cf.
833 1898 954 1943 praef.
979 1897 1007 1943 §²
1031 1900 1080 1932 10
1109 1898 1114 1942 Ι
1146 1900 1166 1932 7
1191 1895 1396 1940 indigentis
1421 1895 1480 1930 H¹

164 1950 186 1982 8
205 1947 333 1982 hostes
353 1946 399 1981 Η
417 1947 422 1990 Ι
454 1950 474 1981 9
495 1945 656 1981 militem
675 1946 720 1981 Η
726 1946 771 1989 P,
796 1957 859 1981 em.
883 1945 994 1980 Temz.
1017 1945 1023 1989 1
1043 1942 1253 1988 tamquam]
1278 1944 1427 1978 tantum
1445 1942 1491 1976 H

166 1997 208 2029 13
235 1993 318 2038 quis
343 1994 388 2028 H
409 2004 484 2038 qua
509 1994 567 2034 P!
602 1998 642 2028 17
670 1994 795 2028 autem
820 1992 862 2027 Η
885 2002 1061 2038 superscr.
1090 1993 1096 2035 Ι
1129 1990 1169 2024 in
1194 2001 1261 2025 om.
1287 1989 1355 2034 ΗΙ
1390 1992 1434 2024 18
1459 1989 1515 2024 in·

162 2052 311 2076 cursum
337 2052 402 2076 om.
424 2041 469 2075 H
492 2043 497 2086 Ι
534 2044 576 2075 19
602 2040 834 2085 simplicibus
861 2050 927 2076 ms
951 2036 1136 2074 similibus
1161 2037 1207 2072 H
1236 2035 1457 2072 sublimibus
1481 2035 1520 2070 P

162 2088 365 2123 humilibus
391 2088 489 2123 Buh.
518 2090 523 2128 Ι
557 2091 604 2123 20
630 2087 785 2123 confidit
809 2087 855 2121 H
887 2085 1054 2122 confudit
1079 2085 1131 2128 P,
1157 2095 1220 2119 em.
1247 2084 1272 2119 d
1299 2084 1305 2129 Ι
1340 2087 1384 2118 22
1410 2083 1515 2128 pate-

161 2135 262 2171 facto
287 2146 354 2171 ms
379 2135 480 2170 facta
496 2134 555 2169 11¹
579 2134 681 2169 facto
696 2135 762 2169 hP
784 2135 885 2169 facto
908 2133 1022 2179 ponte
1042 2133 1067 2167 d
1073 2146 1087 2176 ;
1111 2132 1157 2173 cf.
1179 2134 1213 2174 1,
1227 2133 1262 2175 5,
1276 2134 1298 2166 5
1321 2131 1326 2175 Ι
1349 2133 1395 2166 24
1420 2130 1515 2166 idem

162 2183 361 2228 exemplum
385 2185 420 2226 4,
442 2184 475 2226 5,
496 2187 521 2218 8
555 2187 559 2225 Ι
594 2181 774 2216 fronteius
802 2180 871 2217 GP
909 2179 1074 2216 ronteius
1099 2178 1159 2222 H,
1190 2189 1253 2213 em.
1280 2178 1304 2213 d
1329 2188 1373 2213 ex
1398 2178 1421 2213 l.
1447 2178 1470 2213 l.
1506 2176 1511 2223 Ι

161 2229 200 2265 Τ.
228 2229 406 2266 Fonteius
431 2229 580 2275 legatus
613 2229 739 2271 (deleto
767 2228 915 2271 Crasso)
944 2226 1035 2262 Oud.
1063 2227 1141 2261 coll.
1161 2224 1333 2268 130125,
1353 2227 1402 2260 36
1430 2226 1435 2269 Ι
1467 2228 1513 2259 25

161 2278 231 2312 loc.
253 2299 296 2303 -
319 2277 404 2313 circ.
430 2277 548 2322 suppl.
571 2276 675 2311 Mod.
703 2287 747 2311 ex
772 2277 793 2310 l.
815 2277 836 2310 l.
861 2275 866 2322 Ι
888 2278 933 2309 26
959 2274 1006 2308 ad
1024 2272 1297 2308 Hasdrubalem
1321 2271 1422 2316 ΗΡ,
1447 2282 1511 2307 em.

161 2325 263 2361 Mod.
293 2327 298 2370 Ι
332 2327 370 2360 et
395 2324 443 2360 ad
468 2324 506 2359 P
529 2325 534 2368 Ι
568 2321 735 2358 ordinem
763 2323 819 2357 H¹
847 2325 852 2367 Ι
884 2326 927 2356 27
955 2319 1111 2356 concilio
1132 2320 1230 2363 ΗΡ,
1255 2330 1316 2355 em.
1337 2319 1362 2355 d
