1612 2488
508 119 653 156 LIBER
676 118 739 155 IV.
777 117 879 155 CAP.
907 122 939 154 1.
1318 115 1401 158 119

54 230 178 274 latim
218 230 272 273 ad
310 230 423 272 hanc
459 242 596 284 usque
631 227 932 280 metationem,
964 240 1073 282 quae
1103 239 1218 267 nunc
1251 224 1401 267 effecta

53 292 140 347 est,
169 291 470 345 peruenerunt.

145 348 212 392 15.
255 347 302 391 P.
338 347 498 390 Nasica
532 346 579 388 in
614 346 832 399 hibernis,
876 345 1073 400 quamuis
1110 343 1260 385 classis
1298 356 1402 384 usus

53 422 142 451 non
178 410 293 449 esset
335 405 625 459 necessarius,
666 419 720 446 ne
763 407 910 446 tamen
947 402 1111 445 desidia
1149 402 1273 444 miles
1310 415 1401 444 cor·

54 468 326 521 rumperetur
355 467 431 508 aut
460 479 538 520 per
574 464 653 506 otii
689 462 911 506 licentiam
949 462 1076 504 sociis
1106 461 1309 503 iniuriam
1340 461 1401 502 in·
1427 473 1448 505 5

54 524 197 578 ferret,
226 525 349 567 nauis
382 523 606 567 aedificare
636 522 839 565 instituit.

148 583 214 626 16.
260 582 318 626 Μ.
349 581 459 625 Cato
495 582 727 624 memoriae
766 580 946 623 tradidit
981 580 1027 621 in
1063 579 1179 622 furto
1212 593 1403 634 compre-

54 642 200 684 hensis
229 642 342 684 inter
371 641 685 684 commilitones
719 640 891 682 dextras
927 653 1021 682 esse
1058 638 1275 694 praecisas
1314 640 1402 694 aut,

56 702 94 743 si
124 701 262 743 lenius
300 701 641 742 animaduertere
678 699 935 752 uoluissent,
973 699 1020 740 in
1049 698 1274 754 principiis
1307 712 1402 740 san-

55 760 228 815 guinem
261 761 452 802 missum.
1429 769 1474 801 ιο

147 819 213 860 17.
251 816 484 860 Clearchus
504 817 588 859 dux
607 817 1045 859 Lacedaemoniorum
1064 816 1269 858 exercitui
1293 815 1402 858 dice-

54 877 131 919 bat
166 878 467 932 imperatorem
506 877 649 931 potius
687 890 815 931 quam
852 875 1020 917 hostem
1063 875 1198 916 metui
1236 874 1402 929 debere,

58 935 308 991 significans
333 950 418 989 eos,
449 937 521 990 qui
546 935 590 977 in
617 935 782 990 proelio
815 934 990 976 dubiam
1022 936 1206 976 mortem
1237 934 1401 976 timuis-

56 997 169 1049 sent,
200 998 382 1049 certum,
413 995 451 1036 si
483 994 787 1048 deseruissent,
818 1007 990 1035 manere
1022 993 1290 1048 supplicium.

148 1054 214 1096 18.
257 1053 392 1109 Appii
436 1051 603 1095 Claudii
645 1052 860 1094 sententia
904 1054 1076 1094 senatus
1118 1067 1215 1106 eos,
1258 1051 1331 1108 qui
1377 1067 1402 1094 a
1429 1063 1473 1095 15

54 1111 220 1166 Pyrrho
244 1125 345 1168 rege
364 1111 643 1168 Epirotarum
668 1112 784 1167 capti
815 1114 859 1153 et
882 1114 1034 1166 postea
1063 1111 1235 1153 remissi
1266 1114 1403 1167 erant,

57 1171 237 1226 equites·
253 1171 307 1212 ad
337 1171 524 1225 peditem
554 1171 732 1226 redegit,
761 1170 926 1226 pedites
958 1171 1011 1212 ad
1041 1170 1181 1212 leuem
1213 1173 1400 1213 armatu-

56 1243 168 1284 ram,
200 1230 398 1272 omnibus
424 1231 544 1271 extra
567 1230 731 1271 uallum
761 1229 892 1271 iussis
917 1229 1110 1284 tendere,
1141 1229 1274 1271 donec
1298 1230 1402 1272 bina

55 1287 244 1330 hostium
277 1288 417 1343 spolia
447 1288 608 1342 singuli
638 1288 858 1330 referrent.

149 1347 215 1388 19.
247 1345 456 1388 Otacilius
477 1345 658 1388 Crassus
684 1348 833 1388 consul
859 1361 945 1401 eOS,
976 1347 1050 1402 qui
1081 1347 1135 1389 ab
1155 1346 1400 1389 Hannibale
1426 1358 1472 1390 20

56 1405 136 1447 sub
166 1405 317 1460 iugum
347 1405 469 1446 missi
499 1405 732 1459 redierant,
768 1405 942 1447 tendere
974 1409 1095 1447 extra
1124 1406 1286 1447 uallum
1318 1406 1401 1448 ius-

56 1463 138 1518 sit,
184 1467 234 1506 ut
280 1463 481 1506 inmuniti
525 1464 824 1506 adsuescerent
866 1465 1066 1519 periculis
1111 1467 1154 1506 et
1196 1465 1400 1507 aduersus

54 1521 226 1564 hostem
257 1522 528 1564 audentiores
559 1523 722 1565 fierent.

146 1581 215 1623 20.
257 1581 303 1624 Ρ.
336 1580 536 1624 Cornelio
574 1581 735 1624 Nasica
766 1581 944 1624 Decimo
976 1581 1101 1623 Iunio
1139 1582 1400 1637 consulibus,

55 1639 132 1694 qui
151 1639 382 1681 exercitum
401 1640 687 1694 deseruerant,
718 1641 910 1682 damnati
935 1640 1072 1696 uirgis
1098 1641 1213 1682 caesi
1231 1641 1399 1695 publice
1426 1652 1471 1683 25

56 1698 293 1739 uenierunt.

146 1757 216 1798 21.
255 1755 472 1798 Domitius
516 1755 702 1798 Corbulo
746 1757 791 1797 in
834 1757 1040 1799 Armenia
1083 1757 1189 1799 duas
1227 1758 1317 1799 alas
1358 1761 1403 1800 et

154 1886 175 1918 3
200 1882 346 1918 nassica
368 1883 402 1918 G
423 1884 428 1929 Ι
456 1883 591 1918 clausis
614 1893 690 1918 non
714 1883 761 1918 H
766 1882 777 1902 ¹
800 1885 805 1927 Ι
833 1886 854 1918 5
881 1884 946 1918 aut
970 1894 1014 1918 ex
1038 1884 1081 1919 ut
1105 1884 1151 1918 H
1166 1887 1172 1927 Ι
1198 1883 1353 1920 inferret
1377 1885 1403 1920 d

57 1929 237 1965 inferrent
261 1930 410 1975 GHP1
433 1934 452 1964 7
478 1929 595 1965 tradit
622 1930 656 1965 G
678 1932 683 1975 ἱ
705 1934 726 1965 9
752 1930 783 1964 si
807 1930 926 1965 lenius
946 1930 1099 1975 Lipsius
1123 1930 1293 1966 silentius
1321 1931 1407 1967 GH

57 1979 100 2011 ut
124 1976 292 2013 silentius
317 1978 354 2012 P
376 1978 408 2012 si
433 1978 553 2012 leuius
577 1978 603 2012 d
623 1978 629 2022 Ι
657 1975 849 2022 principiis
868 1977 894 2012 d
916 1977 1094 2023 principis
1114 1978 1202 2013 GH
1206 1979 1242 2013 P
1261 1980 1266 2023 1
1294 1990 1399 2024 prae

58 2023 169 2058 cisae·
213 2024 253 2058 at
289 2024 320 2058 si
355 2023 492 2059 lentius
536 2023 833 2059 animaduertere
871 2025 1079 2060 uoluissent
1119 2024 1161 2060 in
1201 2025 1401 2078 principes,

58 2069 277 2115 sanguinem
305 2071 458 2106 missum
491 2071 594 2119 Stew.
624 2072 630 2115 Ι
666 2074 709 2105 11
735 2071 921 2106 exercituo
947 2071 981 2107 G
1007 2073 1014 2116 Ι
1048 2075 1091 2107 12
1126 2071 1246 2108 metui
1274 2083 1402 2117 super-

58 2118 232 2170 scriptum
262 2118 366 2153 habet
396 2118 471 2163 Hl
506 2121 549 2153 13
575 2118 639 2163 qui
669 2128 735 2153 om.
762 2118 825 2153 Ηι
853 2121 859 2161 Ι
895 2122 938 2153 14
970 2119 1019 2165 si]
1049 2118 1090 2153 in
1121 2119 1180 2154 H¹
1207 2120 1213 2164 Ι
1250 2123 1293 2154 15
1319 2129 1403 2154 sen-

58 2163 215 2198 tentiam
241 2163 349 2208 GH}
372 2169 416 2200 16
441 2176 554 2210 pyrro
580 2165 658 2200 GP
681 2166 686 2209 Ι
716 2169 758 2200 17
784 2164 948 2210 peditem
974 2166 1012 2200 P
1035 2167 1170 2212 pedem
1198 2166 1262 2202 Gh
1286 2166 1401 2211 pedes

59 2210 117 2244 Η1
138 2213 144 2254 Ι
173 2210 317 2256 pedites
341 2222 408 2248 om.
430 2212 467 2246 P
488 2211 635 2258 peditos
660 2211 707 2247 H
723 2213 729 2255 Ι
761 2215 805 2247 18
784 2175 938 2247 peiussit
962 2213 1008 2248 H
1025 2221 1029 2255 Ι
1060 2217 1107 2249 20
1133 2212 1309 2248 Otalitius
1337 2213 1374 2247 P

60 2258 810 2349 {¹2²⁵i1'3121‘33t1quc?1h3¹3m233130552¹m²2¹
823 2258 1283 2351 12³³?⁸;‡”⁸3{2.}321e3²¹¹ff
1298 2259 1387 2342 ἕξ.

60 2349 202 2396 GHP1
232 2354 277 2386 25
303 2351 496 2388 deseuerat
520 2353 578 2387 Η1
603 2352 816 2388 deseruerat
839 2354 862 2388 h
884 2355 889 2398 Ι
917 2353 1092 2389 damnato
1119 2355 1156 2388 P
