1612 2488
144 733 187 765 10

140 1053 183 1085 15

135 1349 181 1383 20

134 1646 179 1678 25

218 38 274 81 98
491 40 593 76 IULI
617 40 855 77 FRONTINI
881 42 1306 81 STRATEGEMATON

308 150 344 191 7.
391 148 652 205 Cleonymus
686 150 964 194 Atheniensis
995 151 1272 209 Troezenios,
1304 154 1378 210 qui
1407 156 1571 211 praesi-

216 208 286 250 dio
319 207 487 251 Crateri
518 213 611 251 tum
641 210 920 265 tenebantur,
958 211 1190 267 adgressus
1221 213 1310 256 tela
1347 215 1572 271 quaedam,

214 267 259 309 in
304 268 460 324 quibus
506 268 716 324 scriptum
758 271 852 311 erat
900 271 1072 313 uenisse
1114 286 1160 314 se
1205 272 1259 314 ad
1299 272 1568 317 liberandam

215 342 363 370 eorum
388 342 479 369 rem
506 328 740 383 publicam,
771 328 887 371 intra
917 345 1064 373 muros
1089 331 1191 374 iecit
1215 335 1259 374 et
1283 332 1433 375 eodem
1462 335 1569 376 tem-

213 401 319 442 pore
364 387 559 443 captiuos
599 388 810 443 quosdam
847 389 1102 432 conciliatos
1140 390 1225 433 sibi
1260 392 1453 446 remisit,
1495 394 1570 449 qui

215 445 442 489 Craterum
486 446 800 489 detractarent:
842 462 920 503 per
961 448 1044 491 hoc
1085 450 1317 493 consilium
1357 451 1569 495 seditione

213 506 423 549 intestina
474 506 588 561 apud
637 507 839 549 obsessos
885 507 1105 551 concitata
1148 508 1322 553 admoto
1379 511 1568 554 exercitu

213 565 380 621 potitus
412 568 478 608 est
510 566 702 609 ciuitate.
1385 575 1392 580 “

272 670 351 706 vn.
391 669 455 705 DE
483 669 746 706 FLUMINUM
769 670 1108 724 DERiVATIONE
1133 671 1198 708 ET
1223 672 1514 710 VITIATIONE

763 730 1019 774 AQUARUM.

306 805 341 844 1.
385 803 431 844 P.
465 802 674 845 Seruilius
706 803 903 845 Isauram
935 805 1160 860 oppidum,
1190 805 1365 858 flumine
1396 821 1448 849 ex
1480 822 1566 863 quo

211 861 360 905 hostes
402 862 675 917 aquabantur
718 877 889 919 auerso,
939 864 992 906 ad
1036 864 1296 908 deditionem
1340 865 1414 908 siti
1452 879 1565 909 com-

211 922 335 976 pulit.

300 982 340 1024 2.
386 980 431 1024 C.
451 979 612 1023 Caesar
636 981 678 1023 in
702 980 846 1023 Gallia
866 980 1160 1025 Cadurcorum
1186 982 1408 1039 ciuitatem
1439 999 1565 1028 amne

211 1041 399 1083 cinctam
420 1043 464 1082 et
484 1040 678 1082 fontibus
700 1041 991 1083 abundantem
1017 1041 1070 1083 ad
1095 1042 1288 1097 inopiam
1315 1057 1451 1099 aquae
1471 1044 1564 1086 red·

211 1100 325 1156 egit,
357 1108 454 1142 c'um
479 1099 858 1142 fontescuniculis
892 1100 1123 1143 auertisset
1155 1103 1198 1143 et
1221 1098 1411 1145 fluminis
1437 1117 1563 1145 usum

207 1174 285 1214 per
317 1160 572 1215 sagittarios
606 1158 826 1201 arcuisset.

297 1219 335 1261 3.
374 1218 421 1260 L.
453 1217 656 1260 Metellus
688 1218 734 1259 in
765 1217 976 1273 Hispania
1008 1218 1204 1261 citeriore
1235 1219 1282 1261 in
1314 1222 1458 1262 eastra
1488 1220 1563 1263 ho-

209 1278 339 1320 stium
371 1278 528 1320 humili
565 1277 663 1319 loco
702 1278 843 1332 posita
879 1278 1058 1320 fluuium
1092 1292 1143 1320 ex
1187 1279 1408 1334 superiore
1439 1282 1563 1334 parte

207 1337 375 1379 inmisit
406 1340 449 1379 et
480 1337 625 1379 subita
662 1336 942 1379 inundatione
980 1337 1180 1380 turbatos
1217 1352 1293 1393 per
1324 1337 1562 1393 dispositos

206 1397 251 1439 in
282 1396 365 1439 hoc
397 1397 539 1451 ipsum
571 1395 849 1438 insidiatores
881 1396 1045 1438 cecidit.

295 1457 335 1498 4.
373 1455 620 1497 Alexander
652 1455 765 1509 apud
797 1454 1039 1510 Babylona,
1072 1469 1180 1510 quae
1211 1455 1353 1497 media
1384 1456 1562 1498 flumine

205 1514 427 1570 Euphrate
460 1514 752 1568 diuidebatur,
790 1514 954 1555 fossam
992 1515 1156 1569 pariter
1187 1515 1230 1556 et
1262 1527 1466 1570 aggerem
1497 1515 1560 1556 in-

205 1574 361 1627 stituit,
392 1576 442 1615 ut
472 1573 517 1615 in
549 1588 673 1615 usum
700 1573 792 1615 eius
818 1573 1117 1615 existimarent
1148 1573 1297 1616 hostes
1329 1573 1446 1629 egeri
1475 1577 1560 1616 ter·

204 1648 318 1676 ram:
350 1636 478 1688 atque
510 1633 573 1675 ita
605 1633 749 1675 subito
781 1632 957 1674 flumine
989 1647 1142 1675 auerso
1179 1646 1257 1687 per
1289 1632 1460 1675 alueum
1490 1647 1560 1674 ue-

302 1731 320 1761 1
353 1725 591 1762 Atheniensis
622 1726 814 1762 delendum
845 1726 904 1760 uel
928 1724 1247 1761 Lacedaemonius
1272 1725 1458 1770 leyendu'm
1483 1736 1559 1761 cen-

202 1775 303 1810 sebat
330 1774 483 1810 casaub.
507 1774 585 1810 coll.
601 1773 773 1819 Polyaen.
793 1776 832 1816 2,
851 1775 914 1816 29,
933 1776 974 1808 1:
1000 1774 1045 1817 ef.
1064 1773 1182 1817 praef.
1209 1772 1238 1819 §
1255 1775 1300 1808 11
1324 1773 1330 1818 Ι
1350 1772 1558 1808 treozenios

203 1822 261 1858 ff
296 1825 301 1865 1
342 1825 361 1856 2
397 1820 539 1856 Crateri
573 1821 652 1855 tum
677 1819 902 1855 tenebantur
930 1820 1024 1856 Oud.
1049 1821 1239 1865 gratemm
1273 1819 1455 1854 tenebant
1471 1819 1519 1855 H
1524 1819 1561 1854 P

204 1868 347 1904 Crateri
366 1868 594 1903 tenebantur
616 1867 803 1903 Graeuius
824 1869 829 1911 Ι
851 1871 874 1902 4
901 1866 1018 1914 ssiecit
1041 1870 1134 1910 (una
1157 1867 1320 1902 litterula
1344 1869 1466 1910 erasa)
1486 1866 1533 1902 H
1549 1866 1554 1913 Ι

204 1921 224 1952 6
251 1917 526 1950 detraeotarent
549 1917 573 1950 h
595 1918 600 1959 l
624 1920 643 1951 7
665 1914 854 1950 concitata
901 1926 949 1950 cr.
970 1914 1172 1950 conciliata
1190 1914 1231 1948 H
1238 1914 1298 1958 ΡΙ
1320 1916 1342 1948 8
1362 1913 1555 1948 ciuitatem

202 1963 296 2007 ΗΡ,
322 1973 414 1998 corr.
434 1963 477 1997 d.-
502 1963 547 2005 cf.
570 1974 609 2008 p.
632 1965 666 2006 9,
686 1965 718 1997 1.
746 1966 810 2005 28,
830 1966 885 1997 11.
914 1965 976 2006 32,
996 1965 1056 1998 12.
1085 1964 1147 2006 58,
1171 1963 1231 1998 29.
1259 1964 1319 2003 60,
1343 1962 1405 1996 25.
1433 1963 1494 2004 78,
1518 1962 1553 1996 8.

202 2013 263 2055 39,
287 2013 350 2046 26.
384 2012 447 2052 92,
473 2013 529 2044 15.
564 2013 621 2053 94,
647 2013 701 2046 22

298 2061 318 2093 9
332 2055 532 2092 uitiatione
547 2058 572 2092 d
597 2057 803 2092 euitatione
814 2057 860 2092 Η
863 2057 873 2076 ¹
898 2054 1081 2091 uitatione
1091 2055 1158 2090 121²
1178 2053 1270 2089 uitio
1283 2053 1315 2090 Ο
1331 2056 1336 2099 Ι
1361 2057 1405 2089 14
1417 2053 1557 2100 gallica

202 2106 378 2140 decorum
397 2104 456 2139 Ηι
480 2103 600 2148 gallia
625 2105 804 2139 ducorum
823 2105 847 2139 h
871 2103 991 2149 gallia.
1015 2103 1234 2138 caducorum
1257 2102 1302 2144 P,
1327 2112 1418 2137 corr.
1438 2102 1481 2138 d.-
1506 2102 1552 2145 cf.

201 2153 303 2188 Hirt.
332 2153 362 2187 b.
393 2151 437 2188 G.
465 2155 500 2194 8,
520 2154 664 2186 40-43
686 2154 690 2195 Ι
717 2155 758 2186 15
785 2162 883 2196 aqua
908 2151 954 2187 H
971 2152 976 2195 Ι
997 2149 1136 2195 redigit
1160 2148 1218 2184 H¹
1241 2151 1245 2191 Ι
1282 2152 1325 2184 16
1351 2149 1484 2194 pontes
1500 2149 1526 2184 h

201 2198 383 2235 cuniculis
408 2201 448 2240 (n
467 2210 512 2234 ex
531 2200 583 2242 m)
605 2198 672 2242 ΗΙ
708 2201 746 2234 et
770 2210 835 2234 om.
857 2199 925 2243 ΗΙ
962 2202 1004 2233 17
1030 2196 1216 2243 arguisset
1234 2196 1302 2240 ΗΙ
1339 2199 1382 2231 18
1401 2197 1444 2232 L.
1469 2195 1515 2231 H

201 2248 242 2290 Q.
269 2248 294 2283 d
315 2247 320 2294 Ι
343 2251 388 2282 20
407 2246 557 2281 turbato
576 2246 745 2290 superH
766 2250 850 2281 ante
869 2257 941 2281 ras.
965 2246 971 2288 Ι
992 2248 1036 2280 22
1057 2242 1282 2290 Alexander]
1304 2242 1419 2289 Cyrus
1440 2243 1554 2279 Ded..-

201 2296 245 2339 cf.
268 2295 388 2340 praef.
415 2293 442 2340 5
467 2297 511 2328 11
535 2294 541 2338 Ι
562 2292 790 2338 babylonam
815 2294 838 2328 h
875 2291 1111 2338 babyloniam
1137 2291 1162 2326 d
