1612 2488
138 759 181 791 10

136 1056 178 1087 15

132 1350 177 1382 20

131 1645 176 1677 25

213 106 298 148 126
479 105 580 142 lULI
604 105 841 143 FRONTINI
870 104 1297 142 STRATEGEMATON

211 215 316 258 adeo
348 229 514 271 pauper
544 215 640 269 fuit,
670 218 719 257 ut
751 229 796 257 se
828 215 1056 271 coniugem
1081 215 1327 271 liberosque
1357 215 1566 259 toleraret

210 275 366 330 agello,
399 275 472 330 qui
503 275 727 317 colebatur
764 289 840 330 per
867 289 1001 316 unum
1031 274 1228 316 uilicum:
1264 274 1387 316 cuius
1418 275 1565 318 audita

209 336 348 376 morte
381 334 556 390 scripsit
587 334 756 376 senatui
794 333 845 375 de
884 347 1145 388 successore,
1184 333 1403 376 destitutis
1433 333 1562 377 rebus

210 393 331 435 obitu
364 394 479 435 serui
508 393 795 435 necessariam
828 407 920 435 esse
951 392 1242 448 praesentiam
1275 406 1410 435 suam.

298 453 338 494 4.
383 450 459 495 Gn.
480 451 624 507 Scipio
650 455 752 508 post
776 466 843 494 res
869 466 1075 507 prospere
1105 452 1151 494 in
1171 451 1384 507 Hispania
1415 453 1562 508 gestas

208 511 255 553 in
287 526 455 554 summa
493 514 747 567 paupertate
786 511 987 562 decessit,
1022 526 1078 553 ne
1115 526 1166 553 ea
1203 510 1375 566 quidem
1412 510 1564 553 relicta

208 571 401 626 pecunia,
433 585 541 626 quae
568 571 784 613 sufficeret
807 570 853 612 in
879 570 1022 613 dotem
1053 570 1254 626 filiarum,
1285 584 1391 625 quas
1418 570 1474 613 ob
1499 570 1563 612 in-

208 630 352 686 opiam
385 631 558 685 publice
590 630 761 672 dotauit
792 633 980 671 senatus.

297 690 335 732 5.
378 689 498 731 Idem
536 689 850 743 praestiterunt
890 688 1179 730 Athenienses
1218 687 1320 730 filiis
1357 687 1563 746 Aristidis

205 750 306 803 post
320 749 686 804 amplissimarum
706 763 849 790 rerum
865 747 1289 790 administrationem
1309 747 1355 788 in
1374 746 1564 790 maxima

206 810 464 862 paupertate
496 807 697 850 defuncti.

297 868 334 909 6.
378 866 702 922 Epaminondas
732 866 817 908 dux
838 866 1146 908 Thebanorum
1169 867 1321 907 tantae
1347 865 1562 908 abstinen-

204 926 292 968 tiae
322 925 424 981 fuit,
467 929 518 968 ut
554 926 599 967 in
639 925 924 981 suppellectili
962 925 1054 967 eius
1091 927 1262 979 praeter
1292 926 1482 967 stoream
1514 928 1558 968 et

205 986 379 1027 unicum
409 1000 516 1027 ueru
547 985 655 1027 nihil
686 985 964 1027 inueniretur.

297 1045 333 1086 7.
377 1043 599 1086 Hannibal
632 1058 805 1100 surgere
838 1044 889 1085 de
919 1045 1046 1085 nocte
1072 1043 1225 1085 solitus
1257 1045 1358 1085 ante
1388 1045 1560 1085 noctem

203 1118 292 1145 non
323 1103 642 1159 requiescebat:
675 1103 929 1158 crepusculo
961 1102 1132 1144 demum
1165 1101 1219 1144 ad
1250 1116 1401 1144 cenam
1431 1116 1557 1145 uoca-

203 1162 281 1205 bat
312 1177 449 1217 neque
481 1163 667 1218 amplius
699 1177 829 1217 quam
862 1162 1028 1203 duobus
1053 1160 1178 1203 lectis
1209 1160 1560 1204 discumbebatur

205 1222 318 1276 apud
352 1236 461 1263 eum.

293 1281 331 1323 8.
376 1279 516 1335 Idem,
554 1294 650 1322 cum
683 1281 762 1322 sub
794 1278 1068 1321 Hasdrubale
1103 1278 1366 1334 imperatore
1396 1278 1557 1321 milita-

203 1343 289 1394 ret,
328 1340 585 1395 plerumque
630 1354 758 1394 super
799 1338 958 1380 nudam
1001 1338 1179 1381 humum
1224 1337 1377 1394 sagulo
1417 1339 1557 1380 tectus

205 1414 379 1441 somnos
412 1399 623 1454 capiebat.

291 1458 330 1500 9.
377 1458 665 1500 Aemilianum
699 1456 945 1512 Scipionem
975 1455 1162 1498 traditur
1199 1455 1244 1497 in
1275 1455 1430 1498 itinere
1462 1470 1559 1498 cum

203 1517 351 1559 amicis
384 1517 677 1558 ambulantem
710 1519 886 1570 accepto
917 1529 1030 1569 pane
1061 1514 1178 1556 uesci
1209 1514 1398 1556 solitum.

294 1576 379 1628 [10.
424 1575 544 1617 Idem
577 1578 620 1616 et
651 1575 702 1616 de
736 1574 979 1616 Alexandro
1010 1572 1244 1615 Macedone
1275 1572 1462 1626 dicitur]

295 1636 362 1677 11.
398 1634 686 1689 Masinissam,
698 1633 1058 1688 nonagensimum
1079 1632 1235 1674 aetatis
1249 1646 1410 1674 annum
1429 1645 1559 1689 agen-

201 1697 303 1747 tem,
335 1694 512 1736 meridie
539 1696 639 1735 ante
665 1693 990 1735 tabernaculum
1012 1693 1200 1733 stantem
1232 1691 1301 1733 uel
1333 1691 1560 1734 ambulan-

201 1756 290 1795 tem
322 1767 475 1808 capere
508 1753 681 1794 solitum
715 1752 834 1794 cibos
866 1751 1061 1806 legimus.

294 1813 360 1854 12.
403 1810 471 1854 Μ’.
500 1810 666 1866 Curius,
697 1826 793 1853 cum
819 1811 947 1852 uictis
981 1810 1034 1851 ab
1067 1824 1117 1851 eo
1151 1807 1324 1851 Sabinis
1357 1821 1410 1850 ex
1440 1822 1558 1851 sena-

201 1874 271 1913 tus
299 1871 496 1912 consulto
518 1871 798 1926 ampliaretur
830 1869 868 1912 ei
894 1869 1046 1911 modus
1073 1869 1178 1924 agri,
1209 1882 1336 1923 quem
1361 1881 1556 1910 consum-

297 1979 317 2010 3
343 1986 424 2010 mor
446 1974 479 2010 G·
501 1975 507 2020 Ι
532 1979 575 2010 10
601 1974 639 2009 in
665 1985 731 2010 om.
746 1975 806 2019 ΡΙ
832 1977 874 2008 13
901 1972 1115 2019 subplectili
1137 1971 1172 2008 G
1192 1973 1198 2016 Ι
1219 1971 1367 2016 praeter
1392 1971 1555 2006 stoream

205 2022 388 2059 Graeuius
438 2022 661 2067 praeteritet
698 2033 781 2057 eam
821 2022 898 2065 (sed
928 2022 1044 2056 altera
1069 2020 1088 2055 t
1116 2019 1365 2064 superscripta
1389 2017 1446 2062 H)
1473 2017 1561 2054 GH

200 2069 402 2116 praeterito
422 2080 486 2104 rea
506 2069 543 2104 P
561 2070 566 2115 Ι
596 2073 641 2104 14
665 2068 834 2115 unicum]
855 2079 1010 2104 aeneum
1033 2067 1125 2102 Ded.
1145 2067 1223 2101 coll.
1243 2065 1347 2101 Plut.
1370 2065 1466 2101 Fab.
1485 2068 1557 2102 27.-

201 2118 246 2161 cf.
269 2117 389 2162 praef.
415 2115 444 2163 5
463 2120 507 2151 11
532 2118 536 2160 Ι
559 2128 650 2152 ueru
672 2117 857 2152 Graeuius
880 2126 969 2151 uero
993 2114 1080 2150 GH
1085 2113 1122 2148 P
1140 2115 1146 2158 Ι
1166 2116 1317 2158 praeter
1342 2122 1492 2148 aereum
1517 2112 1557 2148 et

200 2165 386 2199 minutum
413 2175 504 2198 ueru
528 2163 619 2199 Oud.
645 2166 648 2207 l
680 2167 723 2198 15
751 2166 919 2208 surgeret
942 2163 1053 2198 nocte
1073 2160 1107 2196 G
1129 2162 1134 2202 Ι
1164 2164 1207 2195 16
1231 2171 1385 2195 caenam
1405 2159 1446 2194 H
1471 2169 1554 2195 coe-

199 2223 287 2247 nam
316 2212 353 2246 P
378 2213 384 2257 Ι
417 2211 580 2246 uacabat
607 2212 632 2245 d
660 2214 664 2252 Ι
700 2215 743 2246 19
770 2210 987 2246 hastrubale
1013 2208 1054 2243 H
1079 2208 1085 2254 Ι
1118 2211 1164 2243 20
1189 2206 1328 2242 nudam
1361 2218 1428 2260 qm.
1454 2206 1500 2241 H
1506 2206 1555 2290 Ἃ

200 2263 247 2294 24
282 2258 484 2303 exemplum
520 2259 698 2293 alienum.-
736 2258 782 2301 εἴ.
810 2258 931 2303 praef.
957 2256 984 2304 5
1009 2259 1033 2292 9
1060 2256 1066 2300 Ι
1093 2258 1138 2290 25
1175 2264 1484 2300 nonagensimum

200 2306 503 2388 nonagessimlum
529 2304 586 2340 Η1
611 2305 895 2350 nonagesimum
919 2304 1010 2349 ΙιΡΙ
1038 2306 1084 2338 28
1108 2301 1169 2338 Μ’.
1192 2301 1269 2338 Scr.
1293 2300 1331 2337 C.
1357 2300 1479 2337 GGH
1482 2300 1520 2335 P
1545 2300 1550 2347 Ι

201 2357 245 2388 29
270 2354 395 2389 motus
