1612 2488
468 91 615 128 LIBER
637 91 700 129 111.
737 91 839 129 CAP.
866 95 1018 128 15—16.
1336 91 1417 134 111

76 199 249 254 Nolani,
280 200 354 256 qui
379 214 651 256 corrumpere
677 200 731 242 ad
755 200 1039 243 defectionem
1070 201 1301 256 populares
1334 203 1421 243 stu-

79 260 210 302 debat
251 264 296 302 et
325 259 564 302 Hannibali
603 259 944 314 gratificabatur,
988 259 1102 315 quod
1138 260 1256 302 illius
1294 260 1420 303 bene-

76 319 174 362 ficio
194 321 370 361 curatus
395 319 509 361 inter
527 317 772 362 Cannenses
805 319 974 361 saucius
1007 322 1050 360 et
1081 333 1131 361 ex
1164 319 1420 374 captiuitate

76 378 286 420 remissus
317 377 371 420 ad
403 392 503 420 suos
535 380 644 431 erat,
682 377 784 432 quia
814 377 1052 420 interficere
1083 392 1198 432 eum,
1233 393 1287 420 ne
1319 393 1419 433 sup-

75 436 206 492 plicio
238 437 328 479 eius
360 437 546 492 reliquos
585 437 822 479 concitaret
853 435 1066 491 Nolanos,
1103 451 1191 479 non
1222 437 1420 493 audebat,
1445 448 1467 481 5

77 495 327 538 arcessitum
353 495 406 537 ad
423 510 476 550 se
501 495 714 538 allocutus
740 498 817 549 est,
849 495 992 537 dicens
1023 495 1311 538 fortissimum
1342 496 1419 538 mi-

76 554 200 596 litem
231 568 327 596 eum
358 568 475 608 esse,
513 554 626 610 quod
668 556 797 596 antea
827 555 1096 610 ignorasset,
1135 555 1419 611 hortatusque

76 617 155 668 est,
184 615 234 655 ut
264 627 408 655 secum
439 615 692 668 moraretur,
722 617 766 655 et
796 628 924 669 super
956 614 1187 656 uerborum
1211 614 1420 656 honorem

76 686 184 726 equo
217 686 383 727 quoque
414 672 609 714 donauit:
641 687 726 727 qua
757 673 1025 727 benignitate
1056 687 1146 715 non
1175 673 1293 715 illius
1324 675 1420 716 tan-

74 734 167 773 tum
197 731 339 786 fidem,
365 731 438 773 sed
457 732 591 774 etiam
616 732 902 787 popularium,
933 746 1042 788 quae
1074 747 1126 774 ex
1155 732 1229 774 illo
1261 733 1417 788 pende·
1446 744 1490 778 10

74 789 172 843 bat,
204 789 289 831 sibi
320 789 543 845 obligauit.

163 849 204 891 2.
246 847 468 891 Hamilcar
500 849 584 890 dux
609 848 864 904 Poenorum,
895 864 993 891 cum
1022 849 1271 905 frequenter
1301 850 1419 892 auxi-

76 907 206 949 liares
233 906 349 949 Galli
374 907 428 949 ad
447 907 669 950 Romanos
699 908 937 950 transirent
966 912 1011 950 et
1040 908 1127 950 iam
1159 923 1209 950 ex
1241 923 1418 951 consue-

75 965 224 1007 tudine
254 967 304 1007 ut
335 966 441 1008 socii
472 967 780 1022 exciperentur,
810 967 1044 1010 fidissimos
1078 968 1333 1010 subornauit
1365 969 1418 1010 ad

75 1024 360 1066 simulandam
385 1026 700 1080 transitionem,
731 1026 804 1081 qui
823 1025 1043 1069 Romanos
1070 1027 1418 1082 excipiendorum
1446 1038 1488 1071 15

75 1097 205 1125 causa
254 1097 402 1126 eorum
451 1097 704 1139 progressos
753 1085 1014 1127 ceciderunt:
1064 1100 1173 1140 quae
1224 1086 1417 1128 sollertia

74 1141 314 1184 Hamilcari
343 1157 431 1184 non
462 1146 634 1185 tantum
665 1143 719 1185 ad
750 1147 1023 1199 praesentem
1054 1144 1219 1200 profuit
1250 1160 1418 1188 succes-

74 1215 181 1254 sum,
214 1201 287 1243 sed
311 1201 358 1242 in
381 1204 603 1256 posterum
623 1202 854 1258 praestitit,
885 1206 935 1245 ut
952 1203 1162 1246 Romanis
1187 1205 1280 1246 ueri
1312 1219 1417 1260 quo-

74 1273 155 1314 que
186 1260 438 1315 transfugae
469 1261 613 1302 forent
644 1262 845 1316 suspecti.

163 1318 202 1360 3.
245 1317 402 1360 Hanno
440 1317 866 1374 Carthaginiensium
905 1321 1139 1376 imperator
1174 1321 1221 1363 in
1258 1320 1417 1377 Sicilia,
1441 1335 1488 1367 20

75 1390 171 1418 cum
210 1377 490 1431 comperisset
527 1377 750 1420 Gallorum
795 1380 1190 1421 mercennariorum
1244 1380 1416 1422 circiter

73 1437 278 1489 quattuor
308 1436 427 1477 milia
458 1437 728 1491 conspirasse
760 1437 813 1479 ad
843 1438 1218 1494 transfugiendum
1250 1439 1304 1481 ad
1332 1439 1416 1482 Ro-

71 1507 243 1547 manos,
282 1494 394 1549 quod
427 1494 594 1550 aliquot
626 1510 822 1538 mensum
859 1498 1075 1540 mercedes
1115 1512 1204 1540 non
1247 1512 1415 1553 recepe-

70 1555 192 1605 rant,
233 1553 572 1595 animaduertere
604 1557 750 1596 autem
780 1556 825 1597 in
863 1570 934 1598 eos
972 1571 1059 1599 non
1091 1556 1267 1599 auderet
1297 1561 1416 1599 metu

73 1610 322 1664 seditionis,
364 1613 564 1666 promisit
607 1613 862 1667 prolationis
906 1615 1107 1657 iniuriam
1151 1615 1414 1658 liberalitate
1440 1628 1485 1660 25

55 1671 366 1723 'pensaturum.
404 1684 488 1724 quo
518 1671 692 1712 nomine
724 1673 887 1726 gratias
920 1674 1146 1728 agentibus
1167 1673 1306 1716 Gallis
1338 1689 1415 1729 per

72 1729 242 1781 tempus
286 1728 487 1769 idoneum
526 1729 923 1785 <prae>datur<0s>
961 1733 1180 1787 pollicitus
1217 1732 1415 1775 fidelissi-

71 1800 189 1827 mum
215 1785 555 1841 dispensatorem
582 1788 635 1829 ad
656 1788 888 1831 Otacilium
919 1791 1141 1832 consulem
1166 1791 1297 1846 misit,
1330 1793 1414 1847 qui,

70 1846 292 1899 tamquam
317 1845 558 1887 rationibus
577 1847 828 1889 interuersis
847 1849 1167 1905 transfugisset,
1193 1851 1414 1892 nuntiauit

70 1905 195 1944 nocte
225 1904 422 1959 proxima
449 1904 671 1946 Gallorum
697 1909 899 1962 quattuor
929 1908 1060 1963 milia,
1091 1923 1198 1964 quae
1231 1909 1412 1965 <prae>-
1437 1922 1483 1954 30

72 1961 220 2003 datum
250 1962 392 2005 forent
423 1963 572 2019 missa,
603 1978 731 2019 posse
763 1966 914 2021 excipi.
975 1966 1184 2010 Otacilius
1217 1983 1295 2011 nec
1327 1971 1412 2010 sta-

165 2092 186 2122 3
212 2099 387 2125 canenses
405 2090 463 2125 Η1
486 2092 490 2135 Ι
513 2095 535 2125 4
561 2103 633 2135 qua
653 2091 720 2137 ΗΙ
743 2095 764 2127 5
790 2092 966 2130 audiebat
984 2094 1043 2129 Η1
1065 2096 1071 2140 Ι
1102 2098 1123 2130 8
1149 2095 1220 2141 est]
1248 2106 1310 2131 eos
1336 2096 1382 2130 H
1407 2096 1410 2138 l

70 2138 100 2186 9·
111 2145 230 2179 eoquo
244 2135 290 2170 H
292 2137 302 2155 ¹
323 2137 329 2182 Ι
353 2141 396 2172 10
416 2138 480 2181 qui
496 2138 532 2172 P
551 2139 556 2181 Ι
579 2138 828 2183 pendebantd
849 2143 854 2183 Ι
878 2144 921 2176 12
937 2141 1102 2177 Amilcar
1123 2142 1160 2176 P
1179 2144 1184 2187 Ι
1209 2147 1252 2177 14
1276 2141 1412 2177 fidelis-

70 2191 183 2216 srmos
202 2181 261 2227 ΡΙ
284 2186 325 2217 17
352 2183 519 2220 amilcari
534 2185 595 2229 ΡΙ
618 2189 662 2220 20
688 2186 1131 2233 charthaginiensiumH
1152 2188 1412 2234 chartaginen·

69 2226 166 2263 sium
191 2229 251 2274 ΡΙ
284 2233 327 2264 22
354 2232 584 2276 nonspirasse
611 2233 669 2267 H¹
691 2235 696 2277 1
718 2237 763 2268 23
788 2233 941 2279 aliquod
967 2236 1026 2271 H¹
1047 2239 1052 2281 1
1078 2236 1261 2271 mensium
1287 2237 1311 2271 d
1338 2237 1344 2280 Ι
1367 2240 1411 2272 27

70 2276 303 2328 etempusH¹
324 2278 330 2323 Ι
351 2279 736 2322 praedaturosHartel
761 2280 923 2317 datm-H
937 2283 1082 2318 datisP
1098 2283 1223 2318 dilatis
1233 2282 1408 2329 Lipsius}

69 2320 249 2366 pollicitis
274 2323 332 2368 ΡΙ
360 2328 405 2360 28
431 2325 622 2362 otalicium
647 2327 707 2372 1²1
734 2331 780 2363 30
805 2330 1023 2374 praedatum
1048 2332 1072 2366 d
1103 2330 1231 2366 datum
1258 2330 1345 2366 ΗΡ
