1612 2488
191 82 217 124 8
465 81 565 117 IULI
590 81 826 118 FRONTINI
852 81 1286 120 STRATEGEMATON

283 191 350 233 12.
393 189 595 232 Metellus
628 190 728 233 Pius
766 191 811 232 in
842 190 1055 246 Hispania
1091 192 1405 250 interrogatus,
1442 195 1544 251 quid

189 252 365 305 postera
397 250 464 292 die
495 250 689 292 facturus
723 253 854 304 esset,
893 250 1108 294 ‘tunicam
1141 266 1301 309 meam,
1332 253 1370 296 si
1401 254 1545 310 eloqui

189 308 371 364 posset'‚
402 308 562 363 inquit,
594 308 946 352 ‘comburerem'.

283 369 350 410 13.
382 367 439 410 M.
463 368 655 410 Licinius
683 367 865 411 Crassus
891 370 1210 424 percunctanti,
1241 385 1326 427 quo
1350 373 1546 427 tempore

143 440 164 471 5
191 429 334 470 castra
371 430 568 470 moturus
607 430 737 483 esset,
774 428 1015 483 respondit:
1060 428 1264 484 ‘uereris,
1300 445 1356 473 ne
1392 431 1544 474 tubam

190 501 277 529 non
310 486 564 529 exaudias?

344 638 390 676 ΙΙ.
429 638 493 673 DE
519 637 864 674 EXPLORANDIS
891 638 1125 675 CONSILIIS
1151 639 1383 676 HOSTIUM.

280 725 317 766 1.
351 722 494 778 Scipio
524 722 774 778 Africanus,
807 726 934 778 capta
965 723 1189 767 occasione
1220 725 1458 767 mittendae
1491 726 1544 768 ad

190 782 433 838 Syphacem
483 782 737 838 legationis,
786 797 882 824 cum
925 782 1075 825 Laelio
1125 797 1350 826 seruorum
1392 784 1544 827 habitu

64 839 68 843 ’
118 854 162 886 10
189 842 387 884 tribunos
420 844 462 884 et
494 842 768 884 centuriones
801 842 1085 884 electissimos
1115 843 1179 885 ire
1209 843 1354 898 iussit,
1389 843 1543 898 quibus

189 915 316 944 curae
355 904 471 943 esset
507 900 750 956 perspicere
786 901 929 956 regias
961 902 1088 944 uires.
1148 901 1213 958 hi,
1250 916 1334 957 quo
1365 901 1545 945 liberius

189 963 428 1003 castrorum
455 960 716 1015 positionem
743 963 1048 1016 scrutarentur,
1073 975 1231 1016 equum
1255 961 1307 1003 de
1330 961 1544 1004 industria

189 1020 415 1061 dimissum
465 1022 687 1073 tamquam
736 1019 977 1074 fugientem
1027 1019 1262 1074 persectati
1309 1020 1544 1063 maximam

188 1081 356 1134 partem
394 1078 758 1120 munimentorum
796 1077 1121 1120 circumierunt:
1159 1093 1267 1134 quae
1306 1093 1403 1122 cum
1433 1094 1543 1122 nun-

121 1151 161 1182 15
187 1138 389 1190 tiassent,
419 1136 617 1179 incendio
650 1136 894 1179 confectum
925 1137 1088 1179 bellum
1121 1140 1197 1181 est.

278 1197 317 1239 2.
356 1196 404 1246 Q.
435 1195 596 1238 Fabius
628 1195 844 1238 Maximus
876 1196 994 1239 bello
1025 1195 1231 1252 Etrusco,
1268 1211 1367 1239 cum
1404 1196 1543 1240 adhuc

186 1256 434 1311 incognitae
469 1255 614 1297 forent
649 1254 861 1297 Romanis
900 1255 1078 1297 ducibus
1117 1255 1361 1311 sagaciores
1398 1254 1545 1312 explo-

188 1314 311 1357 randi
336 1315 444 1368 uiae,
468 1314 648 1356 fratrem
675 1313 858 1356 Fabium
883 1312 1133 1370 Caesonem,
1156 1315 1344 1370 peritum
1368 1315 1543 1371 linguae

187 1374 417 1428 Etruscae,
448 1373 576 1415 iussit
601 1372 743 1415 Tusco
775 1373 929 1415 habitu
959 1375 1187 1428 penetrare
1213 1372 1444 1417 Ciminiam
1469 1374 1542 1417 sil-

117 1445 160 1477 20
187 1448 307 1488 uam,
344 1434 651 1488 intemptatam
690 1434 791 1474 ante
828 1433 960 1474 militi
997 1435 1166 1475 nostro:
1206 1433 1320 1488 quod
1358 1433 1396 1475 is
1435 1433 1542 1476 adeo

187 1492 421 1547 prudenter
447 1494 576 1546 atque
601 1491 812 1533 industrie
836 1491 958 1544 fecit,
989 1493 1039 1534 ut
1062 1494 1360 1548 transgressus
1385 1492 1541 1535 siluam

186 1551 376 1594 Umbros
415 1549 657 1605 Camertes,
701 1564 798 1592 cum
840 1550 1217 1593 animaduertisset
1251 1565 1340 1593 non
1377 1551 1542 1594 alienos

186 1610 351 1653 nomini
380 1610 597 1663 Romano,
633 1610 686 1652 ad
717 1610 971 1652 societatem
1003 1609 1269 1664 compulerit.

277 1670 315 1712 3.
348 1668 740 1725 Carthaginienses,
761 1683 858 1710 cum
878 1668 1287 1711 animaduertissent
1305 1667 1542 1711 Alexandri

115 1741 160 1773 25
187 1729 249 1770 ita
277 1742 458 1784 magnas
495 1742 616 1783 opes,
647 1730 696 1770 ut
727 1727 903 1770 Africae
931 1742 1100 1784 quoque
1130 1728 1377 1782 inmineret,
1406 1742 1540 1770 unum

187 1803 239 1830 ex
273 1788 459 1841 ciuibus,
497 1788 640 1829 uirum
677 1801 818 1830 acrem
848 1786 1024 1830 nomine
1055 1786 1348 1829 Hamilcarem
1377 1785 1542 1829 Rhodi-

186 1862 308 1900 num,
338 1847 559 1888 iusserunt
585 1846 788 1889 simulato
816 1846 967 1888 exsilio
998 1846 1061 1888 ire
1088 1846 1140 1888 ad
1165 1859 1312 1901 regem
1339 1845 1541 1900 omnique

284 2003 301 2032 1
328 1997 417 2032 Pius
442 2007 509 2032 om.
536 1998 560 2032 d
589 1997 593 2042 Ι
628 2001 648 2032 2
674 2007 799 2032 meam
819 2017 863 2023 —
883 1995 1007 2041 inquit
1030 2006 1097 2031 om.
1118 1994 1177 2030 Ηι
1199 1995 1204 2039 Ι
1231 1994 1271 2030 id
1292 1998 1378 2040 post
1402 1995 1434 2030 si
1451 2006 1539 2041 per-

180 2056 311 2090 peram
330 2045 415 2080 ach.
436 2044 536 2086 edd.;
561 2045 607 2087 cf.
636 2044 716 2079 Val.
739 2047 822 2088 7‚4,
837 2047 869 2080 5.
898 2044 999 2079 Plut.
1020 2043 1189 2088 apophth.
1211 2041 1311 2077 Gaec.
1332 2041 1467 2079 Metell.
1481 2046 1508 2080 2
1531 2044 1536 2090 Ι

186 2097 208 2128 4
233 2091 469 2138 percontanti
495 2092 572 2135 (sed
597 2101 618 2126 o
644 2102 688 2126 ex
713 2103 737 2126 u
762 2102 853 2127 corr.
881 2094 913 2126 et
936 2091 1004 2125 tan
1028 2091 1070 2126 in
1093 2100 1166 2125 ras.
1183 2089 1223 2133 h)
1244 2088 1330 2124 ΗΡ

283 2143 325 2174 11
352 2138 562 2184 perspicere
582 2138 636 2181 H,
659 2139 720 2174 sed
748 2149 787 2173 er
804 2139 847 2173 in
865 2149 937 2173 ras.
951 2138 974 2173 h
995 2138 1001 2182 Ι
1023 2147 1096 2182 quo
1116 2137 1142 2172 d
1165 2147 1249 2171 cum
1262 2136 1370 2180 ΗΡΙ
1394 2140 1437 2172 15
1456 2137 1539 2173 ual-

184 2187 263 2222 lum
277 2188 302 2223 d
323 2188 328 2230 Ι
353 2189 395 2221 17
416 2185 619 2231 sagatiores
636 2206 677 2211 -
692 2185 846 2220 fratrem
859 2186 904 2220 H
917 2186 960 2221 in
971 2194 1043 2220 ras.
1067 2185 1073 2228 Ι
1094 2187 1140 2219 24
1160 2182 1508 2228 Carthaginensesh
1529 2185 1534 2231 Ι

186 2239 230 2270 26
257 2234 472 2269 amilcarem
491 2233 535 2267 H
554 2233 559 2278 Ι
586 2232 759 2268 rodinum
782 2232 841 2276 H,
865 2233 928 2268 sed
950 2242 992 2267 ro
1018 2232 1060 2266 in
1084 2241 1157 2266 ras.
1182 2231 1296 2266 triwm
1318 2230 1394 2275 fere
1418 2232 1487 2268 litt.
1513 2232 1538 2268 h

186 2282 384 2317 shodinum
413 2280 450 2315 P
480 2279 696 2323 rhodinum,
721 2280 911 2324 rhodium,
937 2278 1147 2322 scodinum,
1173 2277 1377 2322 stadinum,
1402 2278 1537 2314 rhoda.-

184 2341 274 2364 num
301 2330 345 2373 cl;
379 2327 601 2363 Rhodanum
628 2327 767 2363 Iustin.
793 2330 858 2371 21,
877 2330 913 2370 6,
932 2329 952 2362 1
979 2329 1012 2361 et
1039 2325 1138 2361 Oros.
1164 2327 1199 2368 4,
1218 2327 1256 2369 6,
1273 2326 1323 2360 21
