1612 2488
96 772 139 804 10

94 1066 137 1100 15

94 1364 137 1396 20

94 1659 138 1691 25

92 1954 137 1986 30

168 118 226 160 60
350 165 354 168 ⁴
440 119 543 156 IULI
567 120 803 157 FRONTIM
833 120 1261 159 STRATEGEMATON

166 228 213 269 in
250 228 420 270 insidiis
459 244 588 271 manu
626 230 835 286 quosdam
873 245 925 274 ex
962 230 1049 273 suis
1089 230 1244 274 habitu
1274 231 1523 288 Illyriorum

166 287 375 330 instruxit
412 290 456 330 et
492 288 621 331 iussit
658 292 832 332 uastare
870 305 992 332 suam
1031 289 1094 343 [id
1132 292 1198 333 est
1233 290 1525 346 Epiroticam]

166 347 403 401 regionem.
453 347 567 403 quod
593 362 690 391 cum
713 348 858 404 Illyrii
882 349 1078 391 uiderent
1101 349 1213 405 fieri,
1242 350 1329 405 ipsi
1355 352 1522 406 passim

165 405 364 461 praedari
408 411 643 462 coeperunt
686 422 735 450 eo
787 409 1000 463 securius,
1052 408 1168 464 quod
1215 409 1525 464 praecedentes

165 464 303 507 ueluti
339 480 419 520 pro
459 467 805 521 exploratoribus
842 467 1084 510 habebant:
1126 482 1152 510 a
1182 467 1339 523 quibus
1377 483 1428 511 ex
1458 469 1527 512 in·-

167 523 335 566 dustria
365 524 412 566 in
443 525 540 568 loca
570 525 719 581 iniqua
750 526 920 568 deducti
952 527 1066 569 caesi
1098 526 1327 583 fugatique
1356 530 1469 571 sunt.

259 584 325 626 11.
355 583 562 639 Leptines
590 599 759 640 quoque
787 583 1083 641 Syracusanus
1110 586 1316 629 aduersus
1336 585 1525 630 Cartha-

166 642 384 698 ginienses
415 644 581 686 uastari
615 659 715 687 suos
742 658 872 699 agros
899 647 942 687 et
967 645 1136 687 incendi
1166 645 1295 688 uillas
1323 646 1522 689 castella-

165 716 246 756 que
268 702 478 757 quaedam
505 703 754 759 imperauit:
781 702 1177 759 Carthaginienses,
1203 719 1229 746 a
1247 705 1336 747 suis
1357 704 1402 747 id
1426 705 1523 747 fieri

165 761 264 813 rati,
290 763 333 803 et
358 761 443 816 ipsi
465 764 689 818 tamquam
708 762 754 804 in
774 763 1035 806 adiutorium
1055 764 1252 806 exierunt
1270 764 1525 820 exceptique

166 819 221 862 ab
254 821 580 863 insidiatoribus
612 821 700 863 fusi
732 824 843 865 sunt.

258 881 324 921 12.
355 879 597 935 Maharbal,
623 881 781 923 missus
807 895 832 923 a
856 879 1288 936 Carthaginiensibus
1314 881 1526 937 aduersus

165 937 296 981 Afros
321 939 598 995 rebellantes,
620 954 718 982 cum
745 940 873 982 sciret
897 943 1071 996 gentem
1098 940 1271 983 auidam
1297 955 1390 983 esse
1415 941 1526 997 uini,

164 1011 371 1053 magnum
410 998 501 1040 eius
539 998 715 1041 modum
754 999 1044 1055 mandragora
1087 999 1356 1055 permiscuit,
1400 1000 1521 1042 cuius
1590 1036 1594 1040 ,

164 1056 278 1099 inter
303 1071 516 1100 uenenum
542 1072 591 1100 ac
617 1072 817 1112 soporem
842 1058 984 1101 media
1010 1058 1076 1100 uis
1103 1060 1203 1101 est.>
1228 1060 1323 1101 tum
1353 1059 1524 1114 proelio

165 1116 253 1158 leui
279 1121 509 1159 commisso
537 1131 588 1158 ex
612 1117 826 1159 industria
851 1117 992 1160 cessit.
1035 1120 1162 1159 nocte
1188 1117 1343 1160 deinde
1368 1118 1522 1160 intem·

165 1178 290 1230 pesta
321 1176 484 1218 relictis
515 1176 632 1218 intra
663 1178 806 1218 castra
838 1175 1094 1232 quibusdam
1127 1176 1309 1218 sarcinis
1335 1179 1379 1219 et
1403 1177 1522 1219 omni

165 1234 268 1276 uino
300 1234 460 1277 infecto
498 1235 649 1292 fugam
689 1235 931 1278 simulauit:
972 1249 1152 1290 cumque
1189 1235 1365 1278 barbari
1397 1249 1526 1278 occu-—
1558 1260 1564 1263 -

165 1294 281 1349 patis
301 1294 453 1336 castris
480 1294 526 1336 in
552 1294 757 1350 gaudium
784 1295 906 1336 effusi
930 1294 1054 1336 auide
1074 1294 1335 1337 medicatum
1354 1308 1522 1337 merum

163 1352 415 1395 hausissent
447 1356 490 1395 et
521 1353 565 1396 in
603 1353 780 1396 modum
818 1353 1119 1396 defunctorum
1157 1354 1284 1396 strati
1320 1354 1526 1409 iacerent,

164 1426 361 1454 reuersus
395 1414 470 1454 aut
500 1413 616 1468 cepit
647 1426 720 1454 eos
753 1415 828 1454 aut
858 1412 1106 1455 trucidauit.

258 1472 324 1513 13.
355 1470 590 1523 Hannibal,
615 1486 713 1514 cum
740 1472 868 1513 sciret
894 1486 972 1513 sua
998 1475 1041 1513 et
1059 1470 1358 1513 Romanorum
1377 1473 1522 1514 castra

164 1530 210 1571 in
237 1530 298 1571 eis
324 1530 429 1572 locis
458 1544 564 1585 esse,
591 1545 699 1584 quae
724 1530 857 1586 lignis
884 1530 1206 1585 deficiebantur,
1231 1543 1282 1571 ex
1307 1529 1523 1572 industria

164 1588 210 1630 in
241 1589 419 1644 regione
452 1589 623 1630 deserta
653 1589 862 1644 plurimos
895 1591 1188 1631 armentorum
1220 1601 1374 1644 greges
1405 1589 1521 1631 intra

163 1648 328 1689 uallum
365 1648 559 1703 reliquit,
603 1662 688 1703 qua
724 1648 846 1690 uelut
885 1647 1045 1703 praeda
1082 1646 1271 1690 Romani
1306 1647 1438 1703 potiti
1473 1648 1519 1690 in

167 1707 346 1749 summis
399 1707 654 1764 lignationis
705 1707 921 1762 angustiis
970 1706 1265 1749 insalubribus
1315 1720 1361 1749 se
1411 1706 1520 1748 cibis

165 1769 468 1809 onerauerunt:
500 1766 732 1821 Hannibal,
760 1766 935 1808 reducto
960 1767 1085 1808 nocte
1113 1765 1320 1821 exercitu,
1346 1779 1521 1808 securos

165 1839 238 1867 eos
279 1829 322 1867 et
361 1825 602 1868 semicruda
640 1839 795 1881 graues
835 1839 962 1867 carne
1005 1825 1212 1867 maiorem
1255 1824 1302 1866 in
1343 1824 1520 1866 modum

164 1885 351 1926 uexauit.

255 1943 322 1985 14.
355 1942 418 1984 Ti.
439 1942 658 1985 Gracchus
685 1943 731 1984 in
749 1942 974 1998 Hispania,
1000 1941 1158 1984 certior
1182 1940 1321 1983 factus
1347 1940 1519 1982 hostem

162 2002 334 2056 inopem
355 2003 614 2044 commercio
636 2002 848 2057 laborare,
867 2000 1203 2043 instructissima
1222 2002 1365 2042 castra
1384 2000 1520 2042 omni-

261 2133 279 2163 1
306 2127 514 2174 ylliriorum
529 2121 577 2163 H
593 2129 598 2174 Ι
621 2133 641 2163 2
668 2129 707 2164 id
728 2131 786 2165 est
804 2128 1034 2174 Epiroticam
1059 2127 1191 2180 deleuit
1210 2126 1308 2179 Sera
1333 2125 1518 2207 cfiffraef'.

162 2174 247 2222 §13
270 2178 274 2219 1
297 2179 318 2210 3
334 2174 499 2211 illiriiH
517 2178 521 2219 ἱ
544 2175 733 2212 uidentH
749 2181 833 2212 ante
845 2186 936 2211 corr.
960 2178 964 2219 Ι
986 2174 1229 2220 4praed1car1
1243 2173 1302 2208 H¹
1323 2174 1329 2218 Ι
1353 2177 1372 2209 7
1416 2173 1518 2218 epte-

162 2234 228 2259 nes
239 2222 349 2258 C'HP
368 2222 374 2269 Ι
397 2222 735 2269 carthaginensesh
758 2223 762 2269 Ι
786 2227 805 2258 9
821 2220 1175 2268 carthaginensesH
1193 2222 1198 2263 Ι
1221 2224 1265 2255 12
1279 2219 1496 2256 maarbalP

163 2269 509 2315 carthaginensibus
527 2271 551 2305 lz
574 2271 579 2315 1
610 2274 652 2305 13
678 2269 945 2305 rebellantisP
969 2272 973 2312 l
1007 2271 1050 2303 15
1076 2278 1246 2313 saporem
1264 2267 1358 2311 HP,
1383 2266 1486 2303 em.d

165 2320 207 2352 19
234 2317 483 2352 mediacatum
504 2317 563 2352 Η1
586 2321 590 2357 Ι
613 2321 658 2352 20
685 2318 723 2352 et
748 2316 787 2351 in
813 2317 965 2352 modum
989 2316 1043 2351 bis
1061 2315 1209 2359 scripsit
1227 2314 1273 2350 H
1277 2314 1286 2333 ²
1309 2315 1314 2359 Ι
1336 2317 1380 2350 27
1401 2313 1516 2360 hone-

163 2366 294 2399 rarunt
315 2365 351 2399 P
372 2365 376 2408 l
406 2369 450 2399 30
476 2363 515 2399 T.
537 2364 623 2399 ΗΡ
642 2367 646 2408 1
668 2375 825 2409 graccus
852 2364 911 2408 ΡΙ
943 2367 986 2398 31
1014 2363 1135 2398 castra
1161 2362 1215 2397 bis
1239 2362 1387 2406 scripsit
1410 2359 1470 2396 Η1
