1612 2488
531 93 677 131 LIBER
699 94 746 130 ΙΙ.
784 92 889 130 cAP.
915 96 1018 130 7-8.
1399 89 1452 131 77

197 205 263 249 13.
305 204 354 247 Τ.
382 203 600 246 Labienus
638 205 738 258 post
773 200 1071 244 Pharsalicam
1108 213 1318 256 pugnam,
1358 213 1454 241 eum

106 265 236 309 uictis
266 263 463 320 partibus
494 261 816 318 Dyrrhachium
852 259 1100 316 refugisset,
1141 259 1315 301 miscuit
1351 272 1456 300 uera

105 324 230 368 falsis
261 326 322 378 et,
352 337 441 365 non
470 321 609 365 celato
635 321 755 363 exitu
784 333 975 375 pugnae,
1007 321 1235 374 aequatam
1265 317 1455 372 partium

106 383 329 427 fortunam
354 381 479 437 graui
502 380 682 422 uulnere
702 379 901 423 Caesaris
926 378 1070 420 finxit:
1095 380 1139 419 et
1162 377 1245 419 hac
1270 376 1456 418 adsimu-

106 443 272 486 latione
300 440 479 496 reliquis
502 439 863 494 Pompeianarum
888 437 1078 493 partium
1109 435 1311 478 fiduciam
1342 435 1456 477 feeit.
1481 445 1502 477 5

199 500 266 544 14.
308 499 367 543 M.
403 498 530 553 Cato,
573 513 669 541 cum
707 497 984 540 Ambraciam
1029 510 1078 538 eo
1116 498 1329 550 tempore,
1372 508 1456 549 quo

108 560 253 604 sociae
294 573 428 601 naues
470 557 526 600 ab
568 556 737 600 Aetolis
788 556 1173 612 oppugnabantur,
1220 553 1455 608 inprudens

107 633 195 662 uno
230 618 374 660 lembo
411 616 667 672 appulisset,
706 629 967 671 quamquam
1005 613 1114 656 nihil
1151 627 1296 655 secum
1333 627 1457 667 prae-

108 678 208 721 sidii
237 677 432 730 haberet,
463 675 605 730 coepit
635 676 806 730 signum
838 688 943 716 uoce
975 676 1183 729 gestuque
1214 671 1333 725 dare,
1371 685 1455 727 quo

107 737 326 779 uideretur
369 735 670 790 subsequentis
714 747 889 776 suorum
932 733 1059 774 nauis
1101 745 1280 786 uocare,
1322 744 1456 786 eaque
1484 741 1527 772 10

109 795 435 838 adseueratione
464 794 636 835 hostem
667 792 841 846 terruit,
878 795 1102 846 tamquam
1139 791 1266 845 plane
1303 789 1455 844 adpro·

108 854 385 910 pinquarent‚
416 852 489 908 qui
521 852 647 907 quasi
677 866 728 893 ex
759 850 957 906 proximo
987 849 1252 891 citabantur:
1295 848 1456 901 Aetoli,

108 927 163 956 ne
183 913 370 955 aduentu
387 911 609 954 Romanae
635 910 786 953 classis
813 908 1167 965 opprimerentur,
1192 907 1458 964 reliquerunt

110 971 490 1028 oppugnationem.

174 1109 271 1146 Vm.
309 1108 374 1145 DE
399 1107 743 1145 RESTITUENDA
766 1107 862 1143 PER
888 1105 1237 1144 CONSTANTIAM
1262 1104 1385 1141 ACIE.
1461 1112 1505 1144 15

202 1207 240 1249 1.
272 1204 446 1248 Seruius
465 1204 632 1246 Tullius
658 1204 907 1246 adulescens
933 1203 1117 1258 proelio,
1146 1217 1230 1257 quo
1256 1216 1330 1244 rex
1355 1202 1458 1243 Tar-

114 1265 284 1320 quinius
322 1264 527 1306 aduersus
560 1262 743 1305 Sabinos
782 1262 991 1317 conflixit,
1029 1262 1248 1317 signiferis
1287 1261 1458 1317 segnius

113 1323 416 1366 dimicantibus
454 1325 625 1377 raptum
664 1322 834 1378 siguum
872 1322 918 1363 in
953 1321 1123 1363 hostem
1160 1321 1295 1362 misit:
1340 1319 1458 1362 cuius

112 1381 394 1437 recuperandi
424 1382 565 1437 gratia
595 1380 781 1423 Romani
811 1380 875 1422 ita
906 1380 1107 1422 ardenter
1141 1381 1459 1435 pugnauerunt,

114 1444 164 1490 ut
194 1444 237 1483 et
268 1441 439 1496 signum
471 1443 516 1482 et
544 1439 772 1482 uictoriam
804 1439 1043 1481 retulerint.
1484 1447 1530 1479 20

201 1500 241 1542 2.
287 1499 443 1541 Furius
480 1499 675 1554 Agrippa
717 1499 866 1541 consul
903 1498 1077 1540 cedente
1115 1511 1248 1540 cornu
1286 1497 1459 1552 signum

113 1558 304 1601 militare
323 1560 516 1612 ereptum
538 1558 744 1612 signifero
763 1558 809 1599 in
827 1557 978 1599 hostes
992 1556 1206 1598 Hernicos
1227 1558 1271 1598 et
1284 1555 1460 1610 Aequos

54 1670 59 1674 ῃ
114 1617 246 1658 misit.
283 1630 366 1671 quo
396 1617 513 1658 facto
546 1616 637 1658 eius
668 1616 878 1671 proelium
903 1616 1151 1657 restitutum
1177 1617 1261 1656 est:
1294 1628 1461 1656 summa

114 1675 231 1716 enim
262 1675 487 1716 alacritate
513 1674 700 1716 Romani
731 1675 785 1716 ad
815 1674 1108 1729 recipiendum
1141 1673 1314 1728 signum
1344 1673 1461 1714 incu-

112 1734 309 1775 buerunt.
1484 1740 1530 1772 25

203 1792 241 1835 3.
274 1791 322 1834 T.
342 1790 543 1841 Quintius
569 1789 838 1846 Capitolinus
867 1790 1018 1833 consul
1043 1791 1214 1846 signum
1239 1789 1286 1831 in
1310 1789 1458 1832 hostes

113 1850 304 1893 Faliscos
335 1850 460 1892 eiecit
489 1849 731 1904 militesque
761 1850 805 1891 id
835 1852 1028 1904 repetere
1059 1850 1198 1891 iussit.

209 1958 230 1989 2
249 1953 472 2000 dyrrhacum
492 1953 538 1988 H
558 1953 779 1988 dirrhatium
807 1953 868 1998 ΡΙ
890 1958 910 1988 5
929 1952 1096 1998 reliquiis
1116 1951 1218 1989 Mod.
1242 1955 1247 1998 Ι
1271 1956 1315 1988 12
1339 1954 1460 1998 primo

114 2001 174 2036 H¹
194 2002 201 2045 1
228 2000 400 2036 cibantur
424 2001 470 2035 H

212 2052 256 2083 15
280 2049 428 2083 titulum
452 2059 517 2083 om.
544 2048 602 2083 H¹
642 2048 647 2087 Ι
693 2046 924 2082 restituenda
949 2048 992 2083 ἀς
1015 2048 1062 2091 cf.
1085 2059 1122 2092 p.
1148 2050 1216 2090 38,
1249 2051 1298 2083 18
1326 2046 1461 2082 consti-

117 2093 255 2130 tuenda
277 2094 371 2139 ῙιΡΙ
395 2098 438 2129 16
462 2094 579 2130 tullus
605 2095 697 2138 ΗΡ,
721 2106 783 2130 em.
810 2094 835 2129 d
868 2094 874 2140 Ι
896 2093 1112 2129 adolescens
1131 2095 1155 2130 h
1175 2097 1181 2140 Ι
1205 2098 1248 2129 17
1275 2093 1463 2129 conflicxit

116 2141 176 2183 H,
208 2142 270 2176 sed
293 2152 313 2176 c
338 2152 418 2186 exp.
443 2145 476 2176 et
498 2143 518 2176 t
540 2143 581 2176 in
606 2152 678 2176 ras.
703 2142 725 2176 h
747 2143 753 2184 1
782 2145 827 2176 18
850 2141 989 2187 raptim
1013 2142 1063 2186 hl
1092 2145 1135 2177 19
1160 2141 1366 2186 recipiendi
1392 2141 1429 2174 P
1454 2140 1460 2187 Ι

117 2186 292 2223 ardenter
314 2188 368 2231 H,
392 2189 455 2224 sed
478 2189 541 2224 alt.
566 2200 585 2223 r
608 2190 650 2223 in
668 2198 742 2223 ras.
773 2189 779 2232 Ι
818 2191 864 2223 20
887 2188 1094 2224 retulerunt
1112 2189 1158 2223 H
1172 2192 1256 2223 ante
1274 2198 1348 2223 ras.
1371 2189 1377 2231 Ι
1416 2191 1462 2222 22

116 2233 310 2280 Hernicos]
329 2234 486 2270 Volscos
498 2235 592 2271 Ded.
613 2236 691 2270 coll.
706 2235 793 2270 Liu-
813 2237 849 2278 3,
862 2238 929 2271 70.-
953 2236 999 2279 cf.
1014 2236 1135 2281 praef.
1155 2235 1182 2281 ἕ
1201 2238 1245 2269 11
1269 2236 1274 2278 Ι
1296 2238 1341 2269 23
1362 2233 1462 2269 facto

116 2282 142 2316 d
165 2282 277 2334 pacto
291 2281 397 2326 ΗΡΙ
418 2285 457 2318 et
475 2282 678 2317 summaH
696 2282 699 2325 Ι
723 2285 767 2317 27
792 2282 978 2327 phaliscos
1003 2282 1048 2318 H
1068 2282 1237 2325 Volscos,
1262 2282 1370 2317 eiecto
1394 2279 1462 2317 Ca·

116 2328 307 2373 pitolinus,
332 2329 424 2364 coni.
453 2329 544 2365 Oud.
570 2330 648 2365 coll.
674 2327 762 2364 Lite.
788 2332 822 2373 4,
842 2333 893 2365 29
915 2331 920 2375 Ι
950 2329 991 2364 id
1015 2339 1081 2365 om.
1103 2329 1162 2364 Η1
