<?xml version="1.0" encoding="UTF-8"?>
<!DOCTYPE html PUBLIC "-//W3C//DTD XHTML 1.0 Transitional//EN"
    "http://www.w3.org/TR/xhtml1/DTD/xhtml1-transitional.dtd">
<html xmlns="http://www.w3.org/1999/xhtml" xml:lang="en" lang="en">
 <head>
  <title>
</title>
<meta http-equiv="Content-Type" content="text/html;charset=utf-8" />
  <meta name='ocr-system' content='tesseract 3.04.00' />
  <meta name='ocr-capabilities' content='ocr_page ocr_carea ocr_par ocr_line ocrx_word'/>
</head>
<body>
  <div class='ocr_page' id='page_1' title='image "./strategematonlib00fronuoft_0036.png"; bbox 0 0 1612 2488; ppageno 0'>
   <div class='ocr_carea' id='block_1_1' title="bbox 151 745 194 777">
    <p class='ocr_par' dir='ltr' id='par_1_1' title="bbox 151 745 194 777">
     <span class='ocr_line' id='line_1_1' title="bbox 151 745 194 777; baseline 0.023 -1"><span class='ocrx_word' id='word_1_1' title='bbox 151 745 194 777; x_wconf 89' lang='lat'>10</span> 
     </span>
    </p>
   </div>
   <div class='ocr_carea' id='block_1_2' title="bbox 151 1040 194 1072">
    <p class='ocr_par' dir='ltr' id='par_1_2' title="bbox 151 1040 194 1072">
     <span class='ocr_line' id='line_1_2' title="bbox 151 1040 194 1072; baseline 0.023 -1"><span class='ocrx_word' id='word_1_2' title='bbox 151 1040 194 1072; x_wconf 82' lang='lat'>15</span> 
     </span>
    </p>
   </div>
   <div class='ocr_carea' id='block_1_3' title="bbox 150 1335 194 1367">
    <p class='ocr_par' dir='ltr' id='par_1_3' title="bbox 150 1335 194 1367">
     <span class='ocr_line' id='line_1_3' title="bbox 150 1335 194 1367; baseline 0.023 -1"><span class='ocrx_word' id='word_1_3' title='bbox 150 1335 194 1367; x_wconf 78' lang='lat'>20</span> 
     </span>
    </p>
   </div>
   <div class='ocr_carea' id='block_1_4' title="bbox 149 1630 194 1661">
    <p class='ocr_par' dir='ltr' id='par_1_4' title="bbox 149 1630 194 1661">
     <span class='ocr_line' id='line_1_4' title="bbox 149 1630 194 1661; baseline 0.022 -1"><span class='ocrx_word' id='word_1_4' title='bbox 149 1630 194 1661; x_wconf 79' lang='lat'>25</span> 
     </span>
    </p>
   </div>
   <div class='ocr_carea' id='block_1_5' title="bbox 223 91 1310 133">
    <p class='ocr_par' dir='ltr' id='par_1_5' title="bbox 223 91 1310 133">
     <span class='ocr_line' id='line_1_5' title="bbox 223 91 1310 133; baseline 0 -7"><span class='ocrx_word' id='word_1_5' title='bbox 223 92 278 133; x_wconf 77' lang='lat'>12</span> <span class='ocrx_word' id='word_1_6' title='bbox 493 92 595 127; x_wconf 89' lang='lat' dir='ltr'><strong>IULI</strong></span> <span class='ocrx_word' id='word_1_7' title='bbox 619 91 856 128; x_wconf 84' lang='lat' dir='ltr'>FRONTINI</span> <span class='ocrx_word' id='word_1_8' title='bbox 883 91 1310 129; x_wconf 79' lang='lat' dir='ltr'><strong>STRATEGEMATON</strong></span> 
     </span>
    </p>
   </div>
   <div class='ocr_carea' id='block_1_6' title="bbox 219 200 1580 1910">
    <p class='ocr_par' dir='ltr' id='par_1_6' title="bbox 220 200 1577 374">
     <span class='ocr_line' id='line_1_6' title="bbox 222 200 1575 258; baseline 0.001 -16"><span class='ocrx_word' id='word_1_9' title='bbox 222 201 261 242; x_wconf 91' lang='lat' dir='ltr'>ei</span> <span class='ocrx_word' id='word_1_10' title='bbox 300 201 438 243; x_wconf 87' lang='lat' dir='ltr'>classe</span> <span class='ocrx_word' id='word_1_11' title='bbox 475 200 671 242; x_wconf 86' lang='lat' dir='ltr'>insidiati</span> <span class='ocrx_word' id='word_1_12' title='bbox 715 214 872 256; x_wconf 83' lang='lat' dir='ltr'>agmen</span> <span class='ocrx_word' id='word_1_13' title='bbox 910 201 1002 243; x_wconf 86' lang='lat' dir='ltr'>eius</span> <span class='ocrx_word' id='word_1_14' title='bbox 1040 200 1340 256; x_wconf 80' lang='lat' dir='ltr'>scorpionibus</span> <span class='ocrx_word' id='word_1_15' title='bbox 1380 201 1575 258; x_wconf 84' lang='lat' dir='ltr'>adgressi</span> 
     </span>
     <span class='ocr_line' id='line_1_7' title="bbox 222 260 1577 317; baseline 0.001 -15"><span class='ocrx_word' id='word_1_16' title='bbox 222 263 384 311; x_wconf 88' lang='lat' dir='ltr'>essent,</span> <span class='ocrx_word' id='word_1_17' title='bbox 435 260 631 315; x_wconf 88' lang='lat' dir='ltr'>captiuos</span> <span class='ocrx_word' id='word_1_18' title='bbox 676 260 803 302; x_wconf 89' lang='lat' dir='ltr'>lateri</span> <span class='ocrx_word' id='word_1_19' title='bbox 846 260 1038 302; x_wconf 88' lang='lat' dir='ltr'>euntium</span> <span class='ocrx_word' id='word_1_20' title='bbox 1083 260 1344 315; x_wconf 75' lang='lat' dir='ltr'>praetexuit:</span> <span class='ocrx_word' id='word_1_21' title='bbox 1395 275 1577 317; x_wconf 89' lang='lat' dir='ltr'>quorum</span> 
     </span>
     <span class='ocr_line' id='line_1_8' title="bbox 220 319 990 374; baseline 0 -13"><span class='ocrx_word' id='word_1_22' title='bbox 220 322 420 374; x_wconf 88' lang='lat' dir='ltr'>respectu</span> <span class='ocrx_word' id='word_1_23' title='bbox 450 319 597 361; x_wconf 89' lang='lat' dir='ltr'>hostes</span> <span class='ocrx_word' id='word_1_24' title='bbox 629 319 856 361; x_wconf 87' lang='lat' dir='ltr'><strong>inhibuere</strong></span> <span class='ocrx_word' id='word_1_25' title='bbox 889 319 990 361; x_wconf 92' lang='lat' dir='ltr'>tela.</span> 
     </span>
    </p>

    <p class='ocr_par' dir='ltr' id='par_1_7' title="bbox 219 377 1580 717">
     <span class='ocr_line' id='line_1_9' title="bbox 310 377 1576 434; baseline 0.001 -13"><span class='ocrx_word' id='word_1_26' title='bbox 310 379 350 421; x_wconf 81' lang='lat'>2.</span> <span class='ocrx_word' id='word_1_27' title='bbox 390 378 622 434; x_wconf 89' lang='lat' dir='ltr'>Agesilaus</span> <span class='ocrx_word' id='word_1_28' title='bbox 654 378 1037 431; x_wconf 89' lang='lat' dir='ltr'>Lacedaemonius,</span> <span class='ocrx_word' id='word_1_29' title='bbox 1075 392 1172 420; x_wconf 90' lang='lat' dir='ltr'>cum</span> <span class='ocrx_word' id='word_1_30' title='bbox 1202 377 1364 434; x_wconf 83' lang='lat' dir='ltr'>praeda</span> <span class='ocrx_word' id='word_1_31' title='bbox 1395 381 1576 422; x_wconf 84' lang='lat' dir='ltr'>onustus</span> 
     </span>
     <span class='ocr_line' id='line_1_10' title="bbox 221 437 1579 493; baseline 0.001 -14"><span class='ocrx_word' id='word_1_32' title='bbox 221 451 272 479; x_wconf 85' lang='lat' dir='ltr'>ex</span> <span class='ocrx_word' id='word_1_33' title='bbox 316 437 509 493; x_wconf 85' lang='lat' dir='ltr'>Phrygia</span> <span class='ocrx_word' id='word_1_34' title='bbox 560 437 721 480; x_wconf 78' lang='lat' dir='ltr'>rediret</span> <span class='ocrx_word' id='word_1_35' title='bbox 770 438 1183 492; x_wconf 83' lang='lat' dir='ltr'>insequerenturque</span> <span class='ocrx_word' id='word_1_36' title='bbox 1232 437 1380 480; x_wconf 87' lang='lat' dir='ltr'>hostes</span> <span class='ocrx_word' id='word_1_37' title='bbox 1431 440 1475 480; x_wconf 87' lang='lat' dir='ltr'>et</span> <span class='ocrx_word' id='word_1_38' title='bbox 1523 438 1579 480; x_wconf 91' lang='lat' dir='ltr'>ad</span> 
     </span>
     <span class='ocr_line' id='line_1_11' title="bbox 219 496 1578 553; baseline 0.001 -15"><span class='ocrx_word' id='word_1_39' title='bbox 219 496 414 539; x_wconf 92' lang='lat' dir='ltr'>locorum</span> <span class='ocrx_word' id='word_1_40' title='bbox 447 497 819 553; x_wconf 66' lang='lat' dir='ltr'>opportunitatem</span> <span class='ocrx_word' id='word_1_41' title='bbox 851 497 1114 539; x_wconf 82' lang='lat' dir='ltr'>lacesserent</span> <span class='ocrx_word' id='word_1_42' title='bbox 1143 510 1301 552; x_wconf 85' lang='lat' dir='ltr'>agmen</span> <span class='ocrx_word' id='word_1_43' title='bbox 1325 497 1435 552; x_wconf 90' lang='lat' dir='ltr'>eius,</span> <span class='ocrx_word' id='word_1_44' title='bbox 1467 497 1578 539; x_wconf 91' lang='lat' dir='ltr'>ordi-</span> 
     </span>
     <span class='ocr_line' id='line_1_12' title="bbox 219 556 1579 611; baseline 0.001 -14"><span class='ocrx_word' id='word_1_45' title='bbox 219 570 318 598; x_wconf 86' lang='lat' dir='ltr'>nem</span> <span class='ocrx_word' id='word_1_46' title='bbox 360 556 633 611; x_wconf 84' lang='lat' dir='ltr'>captiuorum</span> <span class='ocrx_word' id='word_1_47' title='bbox 671 556 726 598; x_wconf 92' lang='lat' dir='ltr'>ab</span> <span class='ocrx_word' id='word_1_48' title='bbox 764 558 948 610; x_wconf 88' lang='lat' dir='ltr'>utroque</span> <span class='ocrx_word' id='word_1_49' title='bbox 985 556 1120 598; x_wconf 86' lang='lat' dir='ltr'>latere</span> <span class='ocrx_word' id='word_1_50' title='bbox 1157 556 1370 598; x_wconf 88' lang='lat' dir='ltr'>exereitus</span> <span class='ocrx_word' id='word_1_51' title='bbox 1408 556 1477 598; x_wconf 90' lang='lat' dir='ltr'>sui</span> <span class='ocrx_word' id='word_1_52' title='bbox 1507 570 1579 598; x_wconf 87' lang='lat' dir='ltr'>ex—</span> 
     </span>
     <span class='ocr_line' id='line_1_13' title="bbox 220 614 1580 670; baseline 0.001 -14"><span class='ocrx_word' id='word_1_53' title='bbox 220 615 394 669; x_wconf 83' lang='lat' dir='ltr'>plicuit:</span> <span class='ocrx_word' id='word_1_54' title='bbox 427 615 582 670; x_wconf 89' lang='lat' dir='ltr'>quibus</span> <span class='ocrx_word' id='word_1_55' title='bbox 610 615 712 657; x_wconf 92' lang='lat' dir='ltr'>dum</span> <span class='ocrx_word' id='word_1_56' title='bbox 743 615 937 670; x_wconf 87' lang='lat' dir='ltr'>parcitur</span> <span class='ocrx_word' id='word_1_57' title='bbox 963 615 1017 657; x_wconf 90' lang='lat' dir='ltr'>ab</span> <span class='ocrx_word' id='word_1_58' title='bbox 1043 614 1191 670; x_wconf 88' lang='lat' dir='ltr'>hoste,</span> <span class='ocrx_word' id='word_1_59' title='bbox 1222 615 1414 670; x_wconf 89' lang='lat' dir='ltr'>spatium</span> <span class='ocrx_word' id='word_1_60' title='bbox 1437 617 1580 658; x_wconf 88' lang='lat' dir='ltr'>trans-</span> 
     </span>
     <span class='ocr_line' id='line_1_14' title="bbox 222 673 1000 717; baseline 0.001 -2"><span class='ocrx_word' id='word_1_61' title='bbox 222 674 350 716; x_wconf 89' lang='lat' dir='ltr'>eundi</span> <span class='ocrx_word' id='word_1_62' title='bbox 381 674 627 716; x_wconf 89' lang='lat' dir='ltr'>habuerunt</span> <span class='ocrx_word' id='word_1_63' title='bbox 657 673 1000 717; x_wconf 88' lang='lat' dir='ltr'>Lacedaemonii.</span> 
     </span>
    </p>

    <p class='ocr_par' dir='ltr' id='par_1_8' title="bbox 219 732 1579 1012">
     <span class='ocr_line' id='line_1_15' title="bbox 310 732 1577 789; baseline 0 -14"><span class='ocrx_word' id='word_1_64' title='bbox 310 733 350 775; x_wconf 86' lang='lat'>3.</span> <span class='ocrx_word' id='word_1_65' title='bbox 393 732 527 788; x_wconf 86' lang='lat' dir='ltr'>Idem,</span> <span class='ocrx_word' id='word_1_66' title='bbox 557 733 807 775; x_wconf 89' lang='lat' dir='ltr'>tenentibus</span> <span class='ocrx_word' id='word_1_67' title='bbox 839 733 1067 788; x_wconf 84' lang='lat' dir='ltr'>angustias</span> <span class='ocrx_word' id='word_1_68' title='bbox 1093 732 1332 788; x_wconf 85' lang='lat' dir='ltr'>Thebanis,</span> <span class='ocrx_word' id='word_1_69' title='bbox 1361 747 1439 789; x_wconf 90' lang='lat' dir='ltr'>per</span> <span class='ocrx_word' id='word_1_70' title='bbox 1470 747 1577 788; x_wconf 90' lang='lat' dir='ltr'>quas</span> 
     </span>
     <span class='ocr_line' id='line_1_16' title="bbox 220 791 1576 847; baseline 0 -13"><span class='ocrx_word' id='word_1_71' title='bbox 220 792 535 835; x_wconf 88' lang='lat' dir='ltr'>transeundum</span> <span class='ocrx_word' id='word_1_72' title='bbox 572 792 782 846; x_wconf 87' lang='lat' dir='ltr'>habebat,</span> <span class='ocrx_word' id='word_1_73' title='bbox 823 792 944 834; x_wconf 90' lang='lat' dir='ltr'>flexit</span> <span class='ocrx_word' id='word_1_74' title='bbox 979 793 1080 847; x_wconf 89' lang='lat' dir='ltr'>iter,</span> <span class='ocrx_word' id='word_1_75' title='bbox 1117 792 1242 847; x_wconf 89' lang='lat' dir='ltr'>quasi</span> <span class='ocrx_word' id='word_1_76' title='bbox 1273 791 1447 834; x_wconf 89' lang='lat' dir='ltr'>Thebas</span> <span class='ocrx_word' id='word_1_77' title='bbox 1479 806 1576 834; x_wconf 92' lang='lat' dir='ltr'>con-</span> 
     </span>
     <span class='ocr_line' id='line_1_17' title="bbox 220 851 1577 906; baseline 0 -13"><span class='ocrx_word' id='word_1_78' title='bbox 220 851 438 893; x_wconf 86' lang='lat' dir='ltr'>tenderet:</span> <span class='ocrx_word' id='word_1_79' title='bbox 475 851 695 894; x_wconf 83' lang='lat' dir='ltr'>exterritis</span> <span class='ocrx_word' id='word_1_80' title='bbox 729 851 948 894; x_wconf 84' lang='lat' dir='ltr'>Thebanis</span> <span class='ocrx_word' id='word_1_81' title='bbox 987 851 1280 906; x_wconf 88' lang='lat' dir='ltr'>digressisque</span> <span class='ocrx_word' id='word_1_82' title='bbox 1311 851 1366 893; x_wconf 90' lang='lat' dir='ltr'>ad</span> <span class='ocrx_word' id='word_1_83' title='bbox 1396 851 1577 894; x_wconf 84' lang='lat' dir='ltr'>tutanda</span> 
     </span>
     <span class='ocr_line' id='line_1_18' title="bbox 220 910 1579 966; baseline 0.001 -14"><span class='ocrx_word' id='word_1_84' title='bbox 220 911 393 952; x_wconf 91' lang='lat' dir='ltr'>moenia</span> <span class='ocrx_word' id='word_1_85' title='bbox 422 911 658 966; x_wconf 88' lang='lat' dir='ltr'>repetitum</span> <span class='ocrx_word' id='word_1_86' title='bbox 688 910 790 966; x_wconf 89' lang='lat' dir='ltr'>iter,</span> <span class='ocrx_word' id='word_1_87' title='bbox 822 925 906 966; x_wconf 88' lang='lat' dir='ltr'>quo</span> <span class='ocrx_word' id='word_1_88' title='bbox 939 910 1252 965; x_wconf 89' lang='lat' dir='ltr'>destinauerat,</span> <span class='ocrx_word' id='word_1_89' title='bbox 1283 924 1480 952; x_wconf 87' lang='lat' dir='ltr'>emensus</span> <span class='ocrx_word' id='word_1_90' title='bbox 1512 913 1579 953; x_wconf 90' lang='lat' dir='ltr'>est</span> 
     </span>
     <span class='ocr_line' id='line_1_19' title="bbox 219 970 624 1012; baseline 0.002 -1"><span class='ocrx_word' id='word_1_91' title='bbox 219 970 338 1011; x_wconf 91' lang='lat' dir='ltr'>nullo</span> <span class='ocrx_word' id='word_1_92' title='bbox 373 970 624 1012; x_wconf 89' lang='lat' dir='ltr'>obsistente.</span> 
     </span>
    </p>

    <p class='ocr_par' dir='ltr' id='par_1_9' title="bbox 219 1027 1578 1426">
     <span class='ocr_line' id='line_1_20' title="bbox 308 1027 1578 1083; baseline 0.001 -13"><span class='ocrx_word' id='word_1_93' title='bbox 308 1029 349 1070; x_wconf 87' lang='lat'>4.</span> <span class='ocrx_word' id='word_1_94' title='bbox 390 1027 667 1071; x_wconf 85' lang='lat' dir='ltr'>Nicostratus</span> <span class='ocrx_word' id='word_1_95' title='bbox 707 1027 791 1070; x_wconf 82' lang='lat' dir='ltr'>dux</span> <span class='ocrx_word' id='word_1_96' title='bbox 822 1028 1080 1070; x_wconf 88' lang='lat' dir='ltr'>Aetolorum</span> <span class='ocrx_word' id='word_1_97' title='bbox 1119 1028 1326 1070; x_wconf 89' lang='lat' dir='ltr'>aduersus</span> <span class='ocrx_word' id='word_1_98' title='bbox 1356 1027 1578 1083; x_wconf 85' lang='lat' dir='ltr'>Epirotas,</span> 
     </span>
     <span class='ocr_line' id='line_1_21' title="bbox 221 1087 1578 1143; baseline -0.001 -13"><span class='ocrx_word' id='word_1_99' title='bbox 221 1101 318 1130; x_wconf 93' lang='lat' dir='ltr'>cum</span> <span class='ocrx_word' id='word_1_100' title='bbox 363 1088 403 1129; x_wconf 91' lang='lat' dir='ltr'>ei</span> <span class='ocrx_word' id='word_1_101' title='bbox 448 1087 592 1130; x_wconf 89' lang='lat' dir='ltr'>aditus</span> <span class='ocrx_word' id='word_1_102' title='bbox 635 1087 680 1129; x_wconf 89' lang='lat' dir='ltr'>in</span> <span class='ocrx_word' id='word_1_103' title='bbox 723 1087 830 1130; x_wconf 90' lang='lat' dir='ltr'>fines</span> <span class='ocrx_word' id='word_1_104' title='bbox 876 1102 1023 1130; x_wconf 90' lang='lat' dir='ltr'>eorum</span> <span class='ocrx_word' id='word_1_105' title='bbox 1067 1087 1245 1142; x_wconf 88' lang='lat' dir='ltr'>angusti</span> <span class='ocrx_word' id='word_1_106' title='bbox 1285 1087 1457 1140; x_wconf 87' lang='lat' dir='ltr'>fierent,</span> <span class='ocrx_word' id='word_1_107' title='bbox 1499 1102 1578 1143; x_wconf 87' lang='lat' dir='ltr'>per</span> 
     </span>
     <span class='ocr_line' id='line_1_22' title="bbox 222 1145 1578 1200; baseline 0.001 -12"><span class='ocrx_word' id='word_1_108' title='bbox 222 1146 408 1188; x_wconf 88' lang='lat' dir='ltr'>alterum</span> <span class='ocrx_word' id='word_1_109' title='bbox 440 1146 586 1189; x_wconf 88' lang='lat' dir='ltr'>locum</span> <span class='ocrx_word' id='word_1_110' title='bbox 617 1146 895 1200; x_wconf 89' lang='lat' dir='ltr'>inrupturum</span> <span class='ocrx_word' id='word_1_111' title='bbox 921 1161 966 1188; x_wconf 90' lang='lat' dir='ltr'>se</span> <span class='ocrx_word' id='word_1_112' title='bbox 993 1146 1241 1197; x_wconf 89' lang='lat' dir='ltr'>ostendens,</span> <span class='ocrx_word' id='word_1_113' title='bbox 1273 1145 1392 1188; x_wconf 91' lang='lat' dir='ltr'>omni</span> <span class='ocrx_word' id='word_1_114' title='bbox 1421 1145 1498 1188; x_wconf 82' lang='lat' dir='ltr'>illa</span> <span class='ocrx_word' id='word_1_115' title='bbox 1523 1146 1578 1189; x_wconf 87' lang='lat' dir='ltr'>ad</span> 
     </span>
     <span class='ocr_line' id='line_1_23' title="bbox 219 1205 1578 1261; baseline 0 -14"><span class='ocrx_word' id='word_1_116' title='bbox 219 1205 539 1261; x_wconf 85' lang='lat' dir='ltr'>prohibendum</span> <span class='ocrx_word' id='word_1_117' title='bbox 571 1208 822 1248; x_wconf 89' lang='lat' dir='ltr'>occurrente</span> <span class='ocrx_word' id='word_1_118' title='bbox 846 1205 1128 1260; x_wconf 86' lang='lat' dir='ltr'>Epirotarum</span> <span class='ocrx_word' id='word_1_119' title='bbox 1153 1205 1449 1260; x_wconf 89' lang='lat' dir='ltr'>multitudine,</span> <span class='ocrx_word' id='word_1_120' title='bbox 1479 1205 1578 1247; x_wconf 90' lang='lat' dir='ltr'>reli-</span> 
     </span>
     <span class='ocr_line' id='line_1_24' title="bbox 221 1264 1576 1320; baseline 0 -14"><span class='ocrx_word' id='word_1_121' title='bbox 221 1265 315 1320; x_wconf 91' lang='lat' dir='ltr'>quit</span> <span class='ocrx_word' id='word_1_122' title='bbox 359 1279 458 1307; x_wconf 90' lang='lat' dir='ltr'>suos</span> <span class='ocrx_word' id='word_1_123' title='bbox 501 1279 680 1320; x_wconf 87' lang='lat' dir='ltr'>paucos,</span> <span class='ocrx_word' id='word_1_124' title='bbox 726 1265 799 1320; x_wconf 90' lang='lat' dir='ltr'>qui</span> <span class='ocrx_word' id='word_1_125' title='bbox 841 1265 1027 1320; x_wconf 88' lang='lat' dir='ltr'>speciem</span> <span class='ocrx_word' id='word_1_126' title='bbox 1065 1264 1328 1306; x_wconf 86' lang='lat' dir='ltr'>remanentis</span> <span class='ocrx_word' id='word_1_127' title='bbox 1367 1264 1576 1307; x_wconf 85' lang='lat' dir='ltr'>exercitus</span> 
     </span>
     <span class='ocr_line' id='line_1_25' title="bbox 221 1323 1578 1379; baseline 0.001 -14"><span class='ocrx_word' id='word_1_128' title='bbox 221 1323 497 1379; x_wconf 87' lang='lat' dir='ltr'>praeberent:</span> <span class='ocrx_word' id='word_1_129' title='bbox 529 1324 621 1378; x_wconf 90' lang='lat' dir='ltr'>ipse</span> <span class='ocrx_word' id='word_1_130' title='bbox 654 1338 751 1365; x_wconf 91' lang='lat' dir='ltr'>cum</span> <span class='ocrx_word' id='word_1_131' title='bbox 783 1325 925 1366; x_wconf 87' lang='lat' dir='ltr'>cetera</span> <span class='ocrx_word' id='word_1_132' title='bbox 957 1338 1090 1366; x_wconf 90' lang='lat' dir='ltr'>manu</span> <span class='ocrx_word' id='word_1_133' title='bbox 1122 1338 1206 1379; x_wconf 92' lang='lat' dir='ltr'>quo</span> <span class='ocrx_word' id='word_1_134' title='bbox 1237 1338 1326 1366; x_wconf 91' lang='lat' dir='ltr'>non</span> <span class='ocrx_word' id='word_1_135' title='bbox 1356 1325 1578 1379; x_wconf 85' lang='lat' dir='ltr'>exspecta—</span> 
     </span>
     <span class='ocr_line' id='line_1_26' title="bbox 222 1382 731 1426; baseline -0.004 0"><span class='ocrx_word' id='word_1_136' title='bbox 222 1383 352 1426; x_wconf 90' lang='lat' dir='ltr'>batur</span> <span class='ocrx_word' id='word_1_137' title='bbox 383 1382 504 1425; x_wconf 90' lang='lat' dir='ltr'>aditu</span> <span class='ocrx_word' id='word_1_138' title='bbox 535 1383 731 1425; x_wconf 75' lang='lat' dir='ltr'>intrauit,</span> 
     </span>
    </p>

    <p class='ocr_par' dir='ltr' id='par_1_10' title="bbox 219 1440 1578 1793">
     <span class='ocr_line' id='line_1_27' title="bbox 309 1440 1576 1496; baseline -0.001 -12"><span class='ocrx_word' id='word_1_139' title='bbox 309 1442 349 1484; x_wconf 84' lang='lat'>5.</span> <span class='ocrx_word' id='word_1_140' title='bbox 393 1442 746 1496; x_wconf 90' lang='lat' dir='ltr'>Autophradates</span> <span class='ocrx_word' id='word_1_141' title='bbox 784 1441 957 1493; x_wconf 89' lang='lat' dir='ltr'>Perses,</span> <span class='ocrx_word' id='word_1_142' title='bbox 995 1456 1093 1484; x_wconf 90' lang='lat' dir='ltr'>cum</span> <span class='ocrx_word' id='word_1_143' title='bbox 1130 1441 1176 1483; x_wconf 91' lang='lat' dir='ltr'>in</span> <span class='ocrx_word' id='word_1_144' title='bbox 1213 1440 1421 1484; x_wconf 86' lang='lat' dir='ltr'>Pisidiam</span> <span class='ocrx_word' id='word_1_145' title='bbox 1459 1456 1576 1484; x_wconf 86' lang='lat' dir='ltr'>exer·</span> 
     </span>
     <span class='ocr_line' id='line_1_28' title="bbox 220 1499 1578 1556; baseline 0 -14"><span class='ocrx_word' id='word_1_146' title='bbox 220 1501 354 1543; x_wconf 90' lang='lat' dir='ltr'>citum</span> <span class='ocrx_word' id='word_1_147' title='bbox 382 1501 556 1543; x_wconf 91' lang='lat' dir='ltr'>duceret</span> <span class='ocrx_word' id='word_1_148' title='bbox 576 1503 619 1543; x_wconf 90' lang='lat' dir='ltr'>et</span> <span class='ocrx_word' id='word_1_149' title='bbox 639 1501 863 1556; x_wconf 87' lang='lat' dir='ltr'>angustias</span> <span class='ocrx_word' id='word_1_150' title='bbox 884 1500 1093 1556; x_wconf 90' lang='lat' dir='ltr'>quasdam</span> <span class='ocrx_word' id='word_1_151' title='bbox 1113 1499 1285 1542; x_wconf 89' lang='lat' dir='ltr'>Pisidae</span> <span class='ocrx_word' id='word_1_152' title='bbox 1305 1504 1578 1555; x_wconf 86' lang='lat' dir='ltr'>occuparent,</span> 
     </span>
     <span class='ocr_line' id='line_1_29' title="bbox 222 1558 1576 1615; baseline 0.001 -14"><span class='ocrx_word' id='word_1_153' title='bbox 222 1560 426 1602; x_wconf 86' lang='lat' dir='ltr'>simulata</span> <span class='ocrx_word' id='word_1_154' title='bbox 457 1560 687 1602; x_wconf 87' lang='lat' dir='ltr'>vexatione</span> <span class='ocrx_word' id='word_1_155' title='bbox 719 1559 945 1602; x_wconf 91' lang='lat' dir='ltr'>traiciendi</span> <span class='ocrx_word' id='word_1_156' title='bbox 976 1559 1169 1602; x_wconf 83' lang='lat' dir='ltr'>instituit</span> <span class='ocrx_word' id='word_1_157' title='bbox 1204 1558 1424 1601; x_wconf 87' lang='lat' dir='ltr'>reducere:</span> <span class='ocrx_word' id='word_1_158' title='bbox 1462 1559 1576 1615; x_wconf 91' lang='lat' dir='ltr'>quod</span> 
     </span>
     <span class='ocr_line' id='line_1_30' title="bbox 222 1617 1575 1674; baseline -0.001 -13"><span class='ocrx_word' id='word_1_159' title='bbox 222 1633 319 1661; x_wconf 91' lang='lat' dir='ltr'>cum</span> <span class='ocrx_word' id='word_1_160' title='bbox 368 1618 542 1661; x_wconf 91' lang='lat' dir='ltr'>Pisidae</span> <span class='ocrx_word' id='word_1_161' title='bbox 592 1619 893 1674; x_wconf 89' lang='lat' dir='ltr'>credidissent,</span> <span class='ocrx_word' id='word_1_162' title='bbox 948 1618 1022 1661; x_wconf 92' lang='lat' dir='ltr'>ille</span> <span class='ocrx_word' id='word_1_163' title='bbox 1077 1620 1205 1660; x_wconf 88' lang='grc'><strong>110010</strong></span> <span class='ocrx_word' id='word_1_164' title='bbox 1260 1617 1575 1661; x_wconf 89' lang='lat' dir='ltr'>ualidissimam</span> 
     </span>
     <span class='ocr_line' id='line_1_31' title="bbox 220 1677 1576 1733; baseline 0 -13"><span class='ocrx_word' id='word_1_165' title='bbox 220 1692 396 1720; x_wconf 89' lang='lat' dir='ltr'>manum</span> <span class='ocrx_word' id='word_1_166' title='bbox 435 1678 489 1720; x_wconf 92' lang='lat' dir='ltr'>ad</span> <span class='ocrx_word' id='word_1_167' title='bbox 528 1678 709 1720; x_wconf 89' lang='lat' dir='ltr'>eundem</span> <span class='ocrx_word' id='word_1_168' title='bbox 746 1678 889 1721; x_wconf 90' lang='lat' dir='ltr'>locum</span> <span class='ocrx_word' id='word_1_169' title='bbox 926 1677 1222 1733; x_wconf 89' lang='lat' dir='ltr'>occupandum</span> <span class='ocrx_word' id='word_1_170' title='bbox 1262 1677 1489 1733; x_wconf 87' lang='lat' dir='ltr'>praemisit</span> <span class='ocrx_word' id='word_1_171' title='bbox 1526 1691 1576 1720; x_wconf 90' lang='lat' dir='ltr'>ac</span> 
     </span>
     <span class='ocr_line' id='line_1_32' title="bbox 219 1737 1148 1793; baseline 0 -14"><span class='ocrx_word' id='word_1_172' title='bbox 219 1739 398 1793; x_wconf 88' lang='lat' dir='ltr'>postero</span> <span class='ocrx_word' id='word_1_173' title='bbox 431 1737 498 1779; x_wconf 89' lang='lat' dir='ltr'>die</span> <span class='ocrx_word' id='word_1_174' title='bbox 529 1739 670 1779; x_wconf 89' lang='lat' dir='ltr'>totum</span> <span class='ocrx_word' id='word_1_175' title='bbox 701 1737 873 1779; x_wconf 88' lang='lat' dir='ltr'>traiecit</span> <span class='ocrx_word' id='word_1_176' title='bbox 905 1737 1148 1779; x_wconf 85' lang='lat' dir='ltr'>exercitum.</span> 
     </span>
    </p>

    <p class='ocr_par' dir='ltr' id='par_1_11' title="bbox 221 1795 1576 1910">
     <span class='ocr_line' id='line_1_33' title="bbox 310 1795 1575 1851; baseline -0.001 -14"><span class='ocrx_word' id='word_1_177' title='bbox 310 1797 348 1837; x_wconf 88' lang='grc'>6.</span> <span class='ocrx_word' id='word_1_178' title='bbox 381 1796 608 1851; x_wconf 90' lang='lat' dir='ltr'>Philippus</span> <span class='ocrx_word' id='word_1_179' title='bbox 632 1796 915 1839; x_wconf 89' lang='lat' dir='ltr'>Macedonum</span> <span class='ocrx_word' id='word_1_180' title='bbox 940 1810 1015 1838; x_wconf 88' lang='lat' dir='ltr'>rex</span> <span class='ocrx_word' id='word_1_181' title='bbox 1035 1795 1261 1837; x_wconf 87' lang='lat' dir='ltr'>Graeciam</span> <span class='ocrx_word' id='word_1_182' title='bbox 1285 1796 1452 1850; x_wconf 90' lang='lat' dir='ltr'>petens,</span> <span class='ocrx_word' id='word_1_183' title='bbox 1478 1809 1575 1836; x_wconf 91' lang='lat' dir='ltr'>cum</span> 
     </span>
     <span class='ocr_line' id='line_1_34' title="bbox 221 1852 1576 1910; baseline 0 -14"><span class='ocrx_word' id='word_1_184' title='bbox 221 1854 535 1910; x_wconf 87' lang='lat' dir='ltr'>Thermopylas</span> <span class='ocrx_word' id='word_1_185' title='bbox 562 1858 793 1910; x_wconf 89' lang='lat' dir='ltr'>occupatas</span> <span class='ocrx_word' id='word_1_186' title='bbox 821 1855 988 1898; x_wconf 87' lang='lat' dir='ltr'>audiret</span> <span class='ocrx_word' id='word_1_187' title='bbox 1013 1857 1057 1897; x_wconf 90' lang='lat' dir='ltr'>et</span> <span class='ocrx_word' id='word_1_188' title='bbox 1082 1853 1135 1896; x_wconf 90' lang='lat' dir='ltr'>ad</span> <span class='ocrx_word' id='word_1_189' title='bbox 1162 1868 1260 1896; x_wconf 88' lang='lat' dir='ltr'>eum</span> <span class='ocrx_word' id='word_1_190' title='bbox 1290 1853 1427 1908; x_wconf 87' lang='lat' dir='ltr'>legati</span> <span class='ocrx_word' id='word_1_191' title='bbox 1445 1852 1576 1896; x_wconf 89' lang='lat' dir='ltr'>Aeto-</span> 
     </span>
    </p>
   </div>
   <div class='ocr_carea' id='block_1_7' title="bbox 219 1950 504 1955">
    <p class='ocr_par' dir='ltr' id='par_1_12' title="bbox 219 1950 504 1955">
     <span class='ocr_line' id='line_1_35' title="bbox 219 1950 504 1955; baseline 0 0"><span class='ocrx_word' id='word_1_192' title='bbox 219 1950 504 1955; x_wconf 95' lang='lat' dir='ltr'> </span> 
     </span>
    </p>
   </div>
   <div class='ocr_carea' id='block_1_8' title="bbox 218 2003 1575 2381">
    <p class='ocr_par' dir='ltr' id='par_1_13' title="bbox 218 2003 1575 2381">
     <span class='ocr_line' id='line_1_36' title="bbox 316 2003 1575 2051; baseline 0 -11"><span class='ocrx_word' id='word_1_193' title='bbox 316 2009 336 2040; x_wconf 89' lang='grc'><strong>2</strong></span> <span class='ocrx_word' id='word_1_194' title='bbox 358 2005 517 2051; x_wconf 84' lang='lat' dir='ltr'>captiuis</span> <span class='ocrx_word' id='word_1_195' title='bbox 537 2006 658 2041; x_wconf 86' lang='lat' dir='ltr'>latera</span> <span class='ocrx_word' id='word_1_196' title='bbox 674 2006 728 2049; x_wconf 90' lang='lat' dir='ltr'>P;</span> <span class='ocrx_word' id='word_1_197' title='bbox 749 2007 793 2050; x_wconf 83' lang='lat' dir='ltr'>cf.</span> <span class='ocrx_word' id='word_1_198' title='bbox 810 2009 847 2051; x_wconf 86' lang='lat'>6,</span> <span class='ocrx_word' id='word_1_199' title='bbox 862 2009 910 2042; x_wconf 85' lang='lat'>17</span> <span class='ocrx_word' id='word_1_200' title='bbox 931 2007 936 2050; x_wconf 93' lang='grc'>1</span> <span class='ocrx_word' id='word_1_201' title='bbox 962 2009 1003 2040; x_wconf 91' lang='grc'>11</span> <span class='ocrx_word' id='word_1_202' title='bbox 1018 2004 1176 2040; x_wconf 88' lang='lat' dir='ltr'>transire</span> <span class='ocrx_word' id='word_1_203' title='bbox 1191 2003 1366 2039; x_wconf 87' lang='lat' dir='ltr'>auebatd</span> <span class='ocrx_word' id='word_1_204' title='bbox 1388 2004 1392 2047; x_wconf 89' lang='grc' dir='ltr'>Ι</span> <span class='ocrx_word' id='word_1_205' title='bbox 1416 2007 1460 2038; x_wconf 91' lang='grc'>13</span> <span class='ocrx_word' id='word_1_206' title='bbox 1474 2003 1575 2048; x_wconf 88' lang='lat' dir='ltr'>quod</span> 
     </span>
     <span class='ocr_line' id='line_1_37' title="bbox 218 2050 1571 2099; baseline -0.001 -11"><span class='ocrx_word' id='word_1_207' title='bbox 218 2053 296 2088; x_wconf 83' lang='lat' dir='ltr'>edd.</span> <span class='ocrx_word' id='word_1_208' title='bbox 322 2055 326 2096; x_wconf 91' lang='grc' dir='ltr'>Ι</span> <span class='ocrx_word' id='word_1_209' title='bbox 358 2056 401 2088; x_wconf 83' lang='grc'>15</span> <span class='ocrx_word' id='word_1_210' title='bbox 420 2052 657 2088; x_wconf 85' lang='lat' dir='ltr'>Nicostratus</span> <span class='ocrx_word' id='word_1_211' title='bbox 682 2056 802 2099; x_wconf 78' lang='lat' dir='ltr'>(prior</span> <span class='ocrx_word' id='word_1_212' title='bbox 822 2066 838 2089; x_wconf 87' lang='lat' dir='ltr'>s</span> <span class='ocrx_word' id='word_1_213' title='bbox 857 2055 1052 2098; x_wconf 76' lang='lat' dir='ltr'>superscr.)</span> <span class='ocrx_word' id='word_1_214' title='bbox 1069 2051 1116 2087; x_wconf 90' lang='lat' dir='ltr'><strong><em>H</em></strong></span> <span class='ocrx_word' id='word_1_215' title='bbox 1132 2054 1138 2095; x_wconf 79' lang='grc' dir='ltr'>Ι</span> <span class='ocrx_word' id='word_1_216' title='bbox 1163 2054 1205 2086; x_wconf 88' lang='grc'>16</span> <span class='ocrx_word' id='word_1_217' title='bbox 1230 2050 1353 2086; x_wconf 85' lang='lat' dir='ltr'>forent</span> <span class='ocrx_word' id='word_1_218' title='bbox 1370 2051 1538 2087; x_wconf 75' lang='lat' dir='ltr'>Eussner</span> <span class='ocrx_word' id='word_1_219' title='bbox 1566 2051 1571 2097; x_wconf 91' lang='grc' dir='ltr'>Ι</span> 
     </span>
     <span class='ocr_line' id='line_1_38' title="bbox 219 2097 1573 2145; baseline -0.001 -10"><span class='ocrx_word' id='word_1_220' title='bbox 219 2103 265 2135; x_wconf 92' lang='grc'>20</span> <span class='ocrx_word' id='word_1_221' title='bbox 291 2110 363 2145; x_wconf 85' lang='lat' dir='ltr'>quo</span> <span class='ocrx_word' id='word_1_222' title='bbox 389 2100 569 2135; x_wconf 68' lang='lat' dir='ltr'>Heinsius</span> <span class='ocrx_word' id='word_1_223' title='bbox 606 2110 678 2144; x_wconf 88' lang='lat' dir='ltr'>qua</span> <span class='ocrx_word' id='word_1_224' title='bbox 704 2101 805 2145; x_wconf 82' lang='grc' dir='ltr'>ΗΡ,</span> <span class='ocrx_word' id='word_1_225' title='bbox 835 2101 898 2137; x_wconf 80' lang='lat' dir='ltr'>sed</span> <span class='ocrx_word' id='word_1_226' title='bbox 927 2111 977 2135; x_wconf 86' lang='lat' dir='ltr'>ua</span> <span class='ocrx_word' id='word_1_227' title='bbox 1005 2110 1121 2144; x_wconf 78' lang='lat' dir='ltr'>supra</span> <span class='ocrx_word' id='word_1_228' title='bbox 1144 2109 1219 2134; x_wconf 81' lang='lat' dir='ltr'>ras.</span> <span class='ocrx_word' id='word_1_229' title='bbox 1243 2098 1358 2133; x_wconf 70' lang='lat' dir='ltr'>umiae</span> <span class='ocrx_word' id='word_1_230' title='bbox 1381 2097 1450 2133; x_wconf 78' lang='lat' dir='ltr'>litt.</span> <span class='ocrx_word' id='word_1_231' title='bbox 1478 2098 1573 2142; x_wconf 78' lang='lat' dir='ltr'>(fue-</span> 
     </span>
     <span class='ocr_line' id='line_1_39' title="bbox 220 2143 1570 2192; baseline -0.001 -10"><span class='ocrx_word' id='word_1_232' title='bbox 220 2150 324 2183; x_wconf 75' lang='lat' dir='ltr'>rame</span> <span class='ocrx_word' id='word_1_233' title='bbox 348 2159 383 2192; x_wconf 88' lang='lat' dir='ltr'>q:</span> <span class='ocrx_word' id='word_1_234' title='bbox 405 2164 450 2176; x_wconf 96' lang='lat'>=</span> <span class='ocrx_word' id='word_1_235' title='bbox 470 2158 541 2192; x_wconf 92' lang='lat' dir='ltr'>que</span> <span class='ocrx_word' id='word_1_236' title='bbox 561 2146 598 2191; x_wconf 72' lang='grc'>,9)</span> <span class='ocrx_word' id='word_1_237' title='bbox 619 2148 642 2182; x_wconf 76' lang='lat' dir='ltr'><em>h</em></span> <span class='ocrx_word' id='word_1_238' title='bbox 664 2150 669 2187; x_wconf 82' lang='grc' dir='ltr'>Ι</span> <span class='ocrx_word' id='word_1_239' title='bbox 704 2151 747 2182; x_wconf 86' lang='grc'>21</span> <span class='ocrx_word' id='word_1_240' title='bbox 769 2148 914 2183; x_wconf 89' lang='lat' dir='ltr'>aditum</span> <span class='ocrx_word' id='word_1_241' title='bbox 933 2147 971 2182; x_wconf 90' lang='lat' dir='ltr'>P</span> <span class='ocrx_word' id='word_1_242' title='bbox 991 2156 1068 2191; x_wconf 84' lang='lat' dir='ltr'>qua</span> <span class='ocrx_word' id='word_1_243' title='bbox 1086 2165 1131 2172; x_wconf 94' lang='lat'>—</span> <span class='ocrx_word' id='word_1_244' title='bbox 1150 2145 1290 2188; x_wconf 76' lang='lat' dir='ltr'>aditus,</span> <span class='ocrx_word' id='word_1_245' title='bbox 1317 2143 1404 2180; x_wconf 85' lang='lat' dir='ltr'>intr.</span> <span class='ocrx_word' id='word_1_246' title='bbox 1430 2143 1535 2181; x_wconf 74' lang='lat' dir='ltr'>Stew.</span> <span class='ocrx_word' id='word_1_247' title='bbox 1565 2144 1570 2192; x_wconf 84' lang='grc' dir='ltr'>Ι</span> 
     </span>
     <span class='ocr_line' id='line_1_40' title="bbox 219 2191 1571 2240; baseline -0.002 -11"><span class='ocrx_word' id='word_1_248' title='bbox 219 2198 263 2229; x_wconf 85' lang='grc'>22</span> <span class='ocrx_word' id='word_1_249' title='bbox 290 2194 556 2230; x_wconf 84' lang='lat' dir='ltr'>Autofradates</span> <span class='ocrx_word' id='word_1_250' title='bbox 581 2195 665 2229; x_wconf 91' lang='grc' dir='ltr'>ΗΡ</span> <span class='ocrx_word' id='word_1_251' title='bbox 695 2196 700 2239; x_wconf 85' lang='grc' dir='ltr'>Ι</span> <span class='ocrx_word' id='word_1_252' title='bbox 734 2206 861 2240; x_wconf 85' lang='lat' dir='ltr'>perses</span> <span class='ocrx_word' id='word_1_253' title='bbox 886 2194 946 2237; x_wconf 88' lang='lat' dir='ltr'>H,</span> <span class='ocrx_word' id='word_1_254' title='bbox 975 2194 1037 2229; x_wconf 80' lang='lat' dir='ltr'>sed</span> <span class='ocrx_word' id='word_1_255' title='bbox 1061 2203 1128 2238; x_wconf 86' lang='lat' dir='ltr'>per</span> <span class='ocrx_word' id='word_1_256' title='bbox 1152 2194 1194 2228; x_wconf 77' lang='lat' dir='ltr'>in</span> <span class='ocrx_word' id='word_1_257' title='bbox 1218 2202 1291 2227; x_wconf 77' lang='lat' dir='ltr'>ras.</span> <span class='ocrx_word' id='word_1_258' title='bbox 1316 2192 1342 2226; x_wconf 74' lang='lat' dir='ltr'><strong><em>h</em></strong></span> <span class='ocrx_word' id='word_1_259' title='bbox 1373 2194 1380 2235; x_wconf 89' lang='grc' dir='ltr'>Ι</span> <span class='ocrx_word' id='word_1_260' title='bbox 1413 2195 1458 2227; x_wconf 86' lang='grc'>23</span> <span class='ocrx_word' id='word_1_261' title='bbox 1482 2191 1571 2238; x_wconf 79' lang='lat' dir='ltr'>pisi-</span> 
     </span>
     <span class='ocr_line' id='line_1_41' title="bbox 220 2238 1569 2287; baseline -0.002 -10"><span class='ocrx_word' id='word_1_262' title='bbox 220 2241 304 2277; x_wconf 87' lang='lat' dir='ltr'>diae</span> <span class='ocrx_word' id='word_1_263' title='bbox 323 2241 384 2286; x_wconf 87' lang='lat' dir='ltr'>H,</span> <span class='ocrx_word' id='word_1_264' title='bbox 409 2242 471 2277; x_wconf 81' lang='lat' dir='ltr'>sed</span> <span class='ocrx_word' id='word_1_265' title='bbox 495 2241 535 2287; x_wconf 92' lang='lat' dir='ltr'>pi</span> <span class='ocrx_word' id='word_1_266' title='bbox 559 2242 602 2277; x_wconf 78' lang='lat' dir='ltr'>in</span> <span class='ocrx_word' id='word_1_267' title='bbox 625 2253 698 2277; x_wconf 66' lang='lat' dir='ltr'>raa.</span> <span class='ocrx_word' id='word_1_268' title='bbox 719 2246 752 2277; x_wconf 80' lang='lat' dir='ltr'>et</span> <span class='ocrx_word' id='word_1_269' title='bbox 771 2242 810 2277; x_wconf 92' lang='lat' dir='ltr'>di</span> <span class='ocrx_word' id='word_1_270' title='bbox 835 2253 879 2278; x_wconf 72' lang='lat' dir='ltr'>ex</span> <span class='ocrx_word' id='word_1_271' title='bbox 905 2242 955 2276; x_wconf 92' lang='lat' dir='ltr'>du</span> <span class='ocrx_word' id='word_1_272' title='bbox 980 2251 1071 2276; x_wconf 83' lang='lat' dir='ltr'>corr.</span> <span class='ocrx_word' id='word_1_273' title='bbox 1091 2241 1115 2276; x_wconf 75' lang='lat' dir='ltr'><em>h</em></span> <span class='ocrx_word' id='word_1_274' title='bbox 1142 2242 1147 2284; x_wconf 87' lang='grc' dir='ltr'>Ι</span> <span class='ocrx_word' id='word_1_275' title='bbox 1182 2242 1228 2274; x_wconf 83' lang='grc'>24</span> <span class='ocrx_word' id='word_1_276' title='bbox 1251 2238 1458 2275; x_wconf 82' lang='lat' dir='ltr'>traiciendo</span> <span class='ocrx_word' id='word_1_277' title='bbox 1476 2238 1536 2274; x_wconf 76' lang='grc' dir='ltr'>Ηι</span> <span class='ocrx_word' id='word_1_278' title='bbox 1562 2238 1569 2285; x_wconf 65' lang='lat' dir='ltr'>l</span> 
     </span>
     <span class='ocr_line' id='line_1_42' title="bbox 218 2285 1570 2334; baseline -0.001 -11"><span class='ocrx_word' id='word_1_279' title='bbox 218 2289 412 2325; x_wconf 88' lang='lat' dir='ltr'>reduceret</span> <span class='ocrx_word' id='word_1_280' title='bbox 430 2288 490 2324; x_wconf 83' lang='grc' dir='ltr'>Η1</span> <span class='ocrx_word' id='word_1_281' title='bbox 511 2291 516 2333; x_wconf 90' lang='grc' dir='ltr'>Ι</span> <span class='ocrx_word' id='word_1_282' title='bbox 545 2292 590 2324; x_wconf 82' lang='grc'>25</span> <span class='ocrx_word' id='word_1_283' title='bbox 615 2287 777 2334; x_wconf 88' lang='lat' dir='ltr'>pisidiae</span> <span class='ocrx_word' id='word_1_284' title='bbox 797 2290 842 2324; x_wconf 92' lang='lat' dir='ltr'><strong><em>H</em></strong></span> <span class='ocrx_word' id='word_1_285' title='bbox 859 2290 864 2334; x_wconf 83' lang='grc' dir='ltr'>Ι</span> <span class='ocrx_word' id='word_1_286' title='bbox 892 2291 938 2324; x_wconf 88' lang='grc'>28</span> <span class='ocrx_word' id='word_1_287' title='bbox 963 2286 1132 2333; x_wconf 87' lang='lat' dir='ltr'>graecias</span> <span class='ocrx_word' id='word_1_288' title='bbox 1150 2286 1249 2331; x_wconf 86' lang='grc' dir='ltr'>ΗΡ,</span> <span class='ocrx_word' id='word_1_289' title='bbox 1273 2286 1337 2322; x_wconf 75' lang='lat' dir='ltr'>sed</span> <span class='ocrx_word' id='word_1_290' title='bbox 1361 2286 1407 2330; x_wconf 78' lang='lat' dir='ltr'>cf.</span> <span class='ocrx_word' id='word_1_291' title='bbox 1429 2285 1570 2322; x_wconf 60' lang='lat' dir='ltr'>charia</span> 
     </span>
     <span class='ocr_line' id='line_1_43' title="bbox 218 2333 1292 2381; baseline -0.003 -10"><span class='ocrx_word' id='word_1_292' title='bbox 218 2336 268 2371; x_wconf 83' lang='lat' dir='ltr'>K.</span> <span class='ocrx_word' id='word_1_293' title='bbox 283 2347 322 2381; x_wconf 78' lang='lat' dir='ltr'>p.</span> <span class='ocrx_word' id='word_1_294' title='bbox 346 2339 409 2380; x_wconf 81' lang='lat'>32,</span> <span class='ocrx_word' id='word_1_295' title='bbox 429 2339 452 2371; x_wconf 83' lang='lat'><em>4</em></span> <span class='ocrx_word' id='word_1_296' title='bbox 479 2338 484 2380; x_wconf 93' lang='grc' dir='ltr'>Ι</span> <span class='ocrx_word' id='word_1_297' title='bbox 514 2339 558 2372; x_wconf 86' lang='grc'>29</span> <span class='ocrx_word' id='word_1_298' title='bbox 584 2336 856 2381; x_wconf 86' lang='lat' dir='ltr'>thermophilas</span> <span class='ocrx_word' id='word_1_299' title='bbox 881 2336 925 2371; x_wconf 87' lang='grc' dir='ltr'><em>Η</em></span> <span class='ocrx_word' id='word_1_300' title='bbox 947 2333 1228 2379; x_wconf 81' lang='lat' dir='ltr'>thermophylas</span> <span class='ocrx_word' id='word_1_301' title='bbox 1254 2333 1292 2368; x_wconf 90' lang='lat' dir='ltr'>P</span> 
     </span>
    </p>
   </div>
  </div>
 </body>
</html>
