1612 2488
580 75 727 112 LIBER
749 75 795 112 11.
834 74 936 112 CAP.
963 78 997 111 5.
1404 73 1461 116 69

114 185 207 241 ipse
249 185 387 228 aciem
434 185 720 228 instruxerat:
769 198 877 239 quos
919 198 1015 226 cum
1060 183 1238 226 barbari
1279 183 1462 226 insecuti

114 246 277 298 essent,
313 243 456 300 equite
492 243 715 286 recedente
750 243 796 285 in
833 258 1013 298 cornua,
1049 243 1194 285 subito
1232 242 1346 285 acies
1377 241 1461 285 Ro-

113 317 243 347 mana
282 302 489 359 adaperta
519 317 615 345 cum
647 303 833 345 clamore
863 302 1090 358 procurrit.
1143 300 1304 344 XXXV
1341 301 1462 344 milia

114 364 379 405 armatorum
422 376 472 404 eo
516 362 680 416 proelio
723 361 950 404 interfecta
994 375 1091 403 cum
1134 361 1241 415 ipsis
1281 360 1462 403 ducibus

114 419 262 464 Liuius
286 420 431 475 tradit,
455 423 650 476 receptas
675 421 861 476 quinque
886 419 1105 463 Romanas
1132 420 1312 475 aquilas,
1337 419 1463 475 signa

115 494 191 522 sex
220 482 264 522 et
292 478 392 534 XX,
427 479 566 522 multa
602 479 760 535 spolia,
798 479 914 522 inter
950 493 1061 534 quae
1099 479 1286 534 quinque
1323 478 1462 521 fasces

114 553 211 581 cum
241 539 474 581 securibus.

203 597 272 640 35.
303 595 350 640 O.
368 595 543 640 Cassius
568 597 615 639 in
634 595 763 652 Syria
787 596 994 639 aduersus
1018 596 1203 638 Parthos
1230 596 1462 652 ducemque

114 655 341 710 <0>sacen
370 656 559 711 equitem
590 656 780 698 ostendit
810 671 836 698 a
865 655 1026 710 fronte,
1057 670 1154 698 cum
1187 670 1212 697 a
1235 658 1358 711 tergo
1390 669 1461 710 pe-

114 715 247 758 ditem
291 715 336 757 in
380 715 638 771 confragoso
681 715 775 757 loco
820 715 1099 758 occultasset:
1141 714 1240 756 dein
1284 714 1462 757 cedente

114 774 309 829 equitatu
341 776 385 815 et
414 788 492 828 per
522 776 627 815 nota
658 788 703 815 se
733 774 986 828 recipiente,
1015 774 1062 815 in
1088 776 1369 828 praeparatas
1399 773 1462 814 in·

116 832 248 875 sidias
278 831 478 887 perduxit
507 833 743 874 exercitum
773 832 1033 886 Parthorum
1063 834 1107 874 et
1138 832 1302 874 cecidit.

202 891 271 933 36.
303 890 531 933 Ventidius
550 891 736 933 Parthos
762 894 805 933 et
822 891 1081 946 Labienum,
1111 891 1275 933 alacres
1301 905 1463 933 succes-

115 949 234 992 sibus
278 949 576 1004 uictoriarum,
618 950 719 992 dum
759 964 859 993 suos
899 951 993 1006 ipse
1029 964 1106 1005 per
1142 950 1462 992 simulationem

114 1010 256 1051 metus
293 1009 500 1063 continet,
540 1010 740 1051 euocauit
777 1011 820 1050 et
855 1009 901 1051 in
939 1010 1034 1051 loca
1070 1009 1220 1064 iniqua
1258 1009 1461 1051 deductos

114 1067 344 1123 adgressus
363 1081 440 1122 per
459 1068 756 1122 obreptionem
783 1067 890 1110 adeo
916 1068 1160 1120 debellauit,
1184 1071 1233 1110 ut
1254 1068 1461 1111 destituto

113 1125 305 1168 Labieno
334 1126 561 1181 prouincia
593 1127 846 1169 excederent
874 1126 1039 1169 Parthi.

201 1185 271 1227 37.
322 1183 445 1227 Idem
501 1185 704 1228 aduersus
753 1185 1065 1228 Pharnastanis
1114 1185 1321 1240 Parthos,
1366 1200 1462 1228 cum

114 1243 207 1298 ipse
237 1243 439 1299 exiguum
469 1259 694 1286 numerum
731 1245 918 1286 militum
955 1245 1155 1298 haberet,
1191 1245 1281 1287 illis
1318 1247 1462 1286 autem

113 1302 311 1344 fiduciam
349 1317 401 1344 ex
437 1302 712 1344 multitudine
750 1303 917 1346 uideret
955 1304 1211 1358 increscere,
1257 1303 1311 1345 ad
1347 1305 1461 1345 latus

113 1363 353 1403 castrorum
394 1360 545 1403 XVIII
589 1362 789 1404 cohortes
831 1362 877 1403 in
921 1363 1103 1404 obscura
1146 1363 1259 1405 ualle
1303 1362 1463 1418 posuit,

113 1419 307 1474 equitatu
342 1422 444 1474 post
479 1422 603 1476 terga
638 1420 834 1475 peditum
872 1421 1109 1463 conlocato.
1170 1424 1263 1463 tum
1300 1435 1462 1476 paucos

113 1478 343 1521 admodum
380 1478 538 1520 milites
575 1479 623 1520 in
652 1479 823 1521 hostem
855 1481 992 1522 misit:
1032 1480 1107 1535 qui
1142 1480 1219 1522 ubi
1256 1480 1462 1522 simulata

112 1536 217 1592 fuga
246 1537 416 1579 hostem
446 1537 578 1580 effuse
604 1540 855 1592 sequentem
885 1539 1002 1581 ultra
1032 1539 1175 1581 locum
1206 1539 1462 1581 insidiarum

114 1595 367 1650 perduxere,
393 1599 539 1638 coorta
564 1611 590 1638 a
614 1597 751 1638 latere
778 1598 868 1638 acie
892 1598 1200 1652 praecipitatos
1226 1599 1273 1640 in
1297 1598 1460 1653 fugam,

51 1668 56 1671 ·
112 1653 158 1694 in
187 1653 256 1695 his
286 1653 647 1707 Pharnastanem,
678 1655 907 1698 interfecit.

204 1712 273 1754 38.
322 1710 367 1754 C.
400 1710 578 1768 Caesar,
618 1712 706 1754 suis
747 1716 790 1755 et
826 1713 997 1755 Afranii
1034 1715 1188 1756 castris
1225 1714 1465 1757 contrarias

1490 725 1533 758 10

1489 1019 1532 1052 15

1488 1314 1534 1346 20

1488 1606 1533 1639 -25

211 1802 534 1849 sxxxvmilia]
555 1802 788 1839 X¹XXV.H
801 1804 1112 1849 .XXXV.hP16
1138 1805 1229 1841 .XX.
1248 1807 1352 1842 H¹P
1372 1803 1503 1842 ‚XX'

113 1851 138 1887 h
174 1852 180 1894 Ι
223 1854 243 1886 7
269 1851 381 1886 uerba
406 1849 544 1885 XXXV
574 1850 681 1886 milia
707 1871 750 1877 —
777 1852 964 1888 securibus
999 1856 1165 1898 suspecta
1193 1855 1385 1890 uidentur.-
1416 1855 1463 1897 cf.

109 1897 234 1942 praef.
259 1897 287 1943 5
312 1901 335 1933 9
356 1899 362 1942 1
390 1901 411 1933 8
437 1897 475 1932 C.
501 1908 568 1933 om.
587 1897 634 1933 H
651 1897 656 1944 l
690 1897 895 1943 ducemque
921 1898 1063 1935 Osacen
1086 1900 1222 1936 Hartel
1244 1902 1323 1938 coll.
1348 1902 1463 1936 Dion.

115 1947 175 1987 40,
189 1947 238 1981 29
263 1945 432 1989 ducemq:
458 1955 569 1980 sacen
594 1945 639 1979 H
659 1945 863 1981 ducesacen
889 1946 927 1981 P
959 1946 1098 1982 ducens
1128 1949 1247 1983 aciem
1271 1949 1296 1984 d
1317 1951 1322 1991 1
1356 1951 1399 1983 13
1426 1950 1464 1983 et

116 2002 183 2026 om.
214 1991 259 2026 H
281 1992 286 2037 Ι
316 1995 359 2026 15
386 1992 560 2027 euocauit
583 2002 650 2027 om.
671 1992 717 2026 H
734 1994 740 2037 Ι
775 1996 819 2028 16
844 1993 1025 2029 destituto
1049 1995 1073 2029 h
1097 1994 1237 2030 destitu
1258 1996 1322 2030 H¹
1347 1995 1464 2031 desti-

118 2037 194 2072 tuti
220 2038 272 2072 P:
297 2039 342 2082 cf.
367 2039 481 2074 Dion.
506 2042 567 2081 48,
591 2042 652 2082 40,
677 2042 700 2074 3
721 2041 727 2083 Ι
751 2043 795 2075 18
813 2040 1148 2085 phamastanesH
1167 2041 1463 2077 Pharnastanem

114 2087 153 2120 et
175 2085 202 2120 d
224 2084 394 2128 Pharnap
396 2085 469 2120 atis
500 2086 595 2120 Oud.
626 2087 705 2121 coll.
734 2087 847 2122 Dion.
873 2090 942 2131 48,
960 2090 1018 2124 41.
1043 2087 1146 2125 Plut.
1167 2090 1255 2125 Ant.
1282 2093 1330 2124 33
1370 2093 1375 2131 Ι
1415 2092 1460 2123 21

113 2131 224 2166 ualde
249 2131 293 2166 H
313 2135 398 2167 ante
420 2142 493 2168 ras.
515 2133 521 2179 Ι
548 2137 594 2167 22
614 2132 786 2177 equitatu
803 2134 826 2169 h
843 2135 863 2188 ,Ι
896 2134 1130 2170 conlocatum
1154 2147 1293 2181 paucos
1318 2136 1362 2170 H
1380 2138 1384 2175 Ι
1415 2138 1462 2170 25

115 2177 213 2213 acies
245 2179 287 2213 ἀ.·
317 2179 379 2214 sed
396 2180 497 2231 cfip
501 2182 618 2222 103,
643 2184 668 2215 8
696 2180 701 2226 ί
729 2180 995 2226 praecipitatos
1019 2183 1043 2217 d
1068 2183 1325 2228 praecipitatis
1345 2182 1434 2218 ΗΡ

115 2224 369 2270 praecipitatis
393 2224 433 2260 in
457 2226 584 2272 fugam
606 2207 758 2262 Parthis
789 2227 828 2262 in
858 2228 917 2263 his
943 2229 1040 2264 edd..-
1064 2230 1125 2265 sed
1150 2231 1245 2274 cf.p
1222 2248 1224 2251 f
1285 2232 1347 2274 72,
1374 2232 1424 2265 12

114 2275 160 2352 ¹21?
155 2270 475 2354 mzhffdumtem
512 2273 577 2308 H*
588 2273 864 2318 phamastanen
900 2276 938 2311 P
974 2278 979 2321 Ι
1019 2279 1064 2311 27
1096 2277 1259 2312 aftanius
1289 2276 1335 2311 H
1355 2275 1462 2311 Asta-
