1612 2488
566 94 713 131 LIBER
735 94 763 132 Ι.
800 94 905 132 ΟΔΡ.
931 99 963 131 5.
1383 95 1438 137 17

89 201 289 257 adgesta;
337 201 546 254 quosdam
588 201 749 257 aditus,
798 203 873 258 qui
915 202 970 245 ad
1013 206 1187 258 portum
1229 203 1440 259 ferebant,

87 259 286 303 trabibus
323 261 588 303 transmissis
630 265 675 304 et
709 262 756 303 in
792 261 973 304 densum
1016 261 1212 304 ordinem
1250 263 1440 317 structis,

88 318 259 375 ingenti
282 319 396 361 mole
420 322 590 362 tutatus
614 319 751 374 (est).
802 320 958 375 quibus
982 320 1242 375 perpetratis
1268 321 1322 364 ad
1347 335 1440 377 spe-

89 378 201 420 ciem
230 377 481 420 retinendae
516 378 636 421 urbis
666 393 788 421 raros
818 394 899 434 pro
930 379 1156 422 moenibus
1188 380 1438 436 sagittarios

88 435 283 491 reliquit,
308 438 473 479 ceteras
497 437 647 492 copias
675 437 767 495 sine
793 438 983 480 tumultu
1008 438 1064 480 ad
1087 453 1221 481 naues
1247 439 1439 482 deduxit:
1465 450 1486 482 5

89 495 371 550 nauigantem
412 509 510 538 eum
553 510 654 538 mox
696 497 916 551 sagittarii
958 511 1129 553 quoque
1167 512 1246 553 per
1282 498 1439 541 itinera

89 555 196 597 nota
226 553 419 610 degressi
447 554 595 610 paruis
626 555 816 612 nauigiis
846 556 1065 598 consecuti
1097 559 1209 600 sunt„

178 612 219 654 6.
255 610 302 655 C.
334 612 527 656 Duellius
559 614 710 656 consul
747 615 794 656 in
824 617 953 669 portu
984 613 1275 670 Syracusano,
1311 629 1440 671 quem

88 673 253 714 temere
275 671 530 726 intrauerat,
554 672 725 716 obiecta
749 673 802 715 ad
820 673 1064 729 ingressum
1089 677 1243 717 catena
1268 675 1439 717 clausus

89 730 316 772 uniuersos
346 730 392 772 in
415 745 606 786 puppem
630 732 780 774 retulit
803 732 965 775 milites
990 735 1118 788 atque
1142 733 1206 775 ita
1235 734 1441 789 resupina
1467 745 1511 776 ιο

89 789 266 844 nauigia
313 802 474 845 magna
521 791 832 846 remigantium
881 792 927 833 ui
969 792 1222 834 concitauit:
1271 793 1439 835 leuatae

88 861 243 901 prorae
273 861 403 902 super
437 850 635 890 catenam
671 852 992 908 processth
1045 865 1128 904 qua
1158 852 1283 905 parte
1314 865 1440 907 supe-

89 908 187 948 rata.
221 907 481 961 transgressi
517 921 667 949 rursus
704 908 864 950 milites
900 923 1053 964 proras
1090 912 1359 964 presserunt,
1394 910 1441 952 in

89 977 198 1018 quas
240 978 412 1006 uersum
451 965 619 1020 pondus
658 966 883 1009 decursum
921 982 1051 1022 super
1086 970 1285 1010 catenam
1322 968 1439 1011 dedit

88 1021 287 1064 nauibus.
1466 1039 1510 1070 15

179 1081 217 1124 7.
256 1080 479 1136 Lysander
513 1082 894 1139 Lacedaemonius,
931 1099 1027 1127 cum
1063 1086 1111 1126 in
1146 1089 1274 1140 portu
1305 1086 1438 1128 Athe-

89 1138 305 1182 niensium
329 1154 426 1182 cum
449 1143 546 1183 tota
570 1142 708 1184 classe
734 1143 1021 1196 obsideretur,
1053 1145 1220 1186 obrutis
1245 1145 1440 1187 hostium

89 1197 273 1240 nauibus
311 1199 367 1241 ab
405 1213 457 1241 ea
485 1203 628 1255 parte,
665 1216 751 1256 qua
786 1202 984 1245 faucibus
1021 1203 1344 1259 angustissimis
1375 1204 1440 1246 iu-

90 1255 187 1298 fluit
216 1271 354 1311 mare,
384 1258 546 1301 milites
578 1273 680 1302 suos
711 1260 824 1303 clam
854 1262 902 1303 in
930 1261 1035 1304 litus
1061 1262 1208 1318 egredi
1238 1262 1367 1305 iussit
1398 1266 1442 1305 et

90 1314 296 1358 subiectis
319 1317 430 1359 rotis
454 1332 589 1360 naues
615 1319 670 1360 ad
695 1320 940 1375 proximum
964 1323 1140 1375 portum
1158 1320 1440 1376 Munychiam
1465 1333 1511 1364 20

90 1373 273 1416 traiecit

179 1432 219 1474 8.
250 1431 491 1476 Hirtuleius
521 1435 691 1490 legatus
718 1436 767 1486 Q.
795 1436 995 1492 Sertorii,
1025 1452 1123 1480 cum
1153 1439 1199 1480 in
1223 1437 1440 1494 Hispania

90 1490 204 1532 inter
233 1491 340 1534 duos
371 1495 540 1535 montes
572 1494 779 1549 abruptos
809 1496 990 1552 longum
1021 1499 1065 1538 et
1092 1500 1325 1552 angustum
1355 1498 1440 1540 iter

89 1548 311 1604 ingressus
348 1565 508 1605 paucas
540 1552 713 1595 duceret
743 1554 943 1597 cohortes
975 1556 1343 1612 comperissetque
1374 1557 1440 1598 in-

91 1610 267 1662 gentem
284 1623 459 1652 manum
477 1610 671 1653 hostium
691 1612 936 1668 aduentare,
959 1614 1123 1656 fossam
1144 1618 1439 1657 transuersam
1463 1626 1510 1658 25

54 1671 60 1674 ’
90 1665 204 1707 inter
245 1671 416 1709 montes
459 1669 618 1723 pressit
661 1671 908 1727 uallumque
952 1674 1137 1715 materia
1172 1676 1439 1715 exstructum

91 1723 282 1766 incendit
312 1728 440 1780 atque
470 1728 533 1769 ita
562 1727 797 1771 intercluso
828 1730 955 1772 hoste
986 1732 1137 1772 euasit.

179 1782 220 1824 9.
261 1781 307 1826 C.
338 1782 498 1826 Caesar
526 1785 643 1828 bello
677 1787 814 1842 ciuili,
845 1802 942 1830 cum
974 1789 1177 1831 aduersus
1209 1789 1438 1832 Afranium

89 1841 238 1895 copias
275 1841 475 1885 educeret
512 1846 556 1885 et
592 1844 826 1900 recipiendi
863 1861 909 1888 se
946 1848 1038 1889 sine
1079 1848 1269 1903 periculo
1306 1849 1440 1891 facul—

90 1901 227 1941 tatem
251 1914 339 1944 non
364 1901 562 1956 haberet,
589 1904 701 1946 sicut
726 1905 998 1957 constiterat,
1021 1908 1163 1961 prima
1189 1910 1233 1950 et
1252 1908 1439 1951 secunda
1466 1920 1511 1951 30

186 1995 209 2026 3
234 1995 293 2027 est
317 1994 403 2029 add.
429 1995 454 2030 d
481 1998 487 2039 i
519 1999 542 2030 4
568 2006 670 2031 roras
695 1996 755 2030 H¹
788 2000 794 2040 1
829 2001 849 2032 ‘1
876 1997 1035 2043 digressi
1058 2000 1158 2043 ΗΡ,
1188 2001 1330 2036 correxi
1360 1997 1438 2037 coll.

93 2035 192 2074 Caes.
218 2039 251 2074 b.
277 2050 307 2074 c.
332 2044 369 2084 1,
386 2044 454 2085 28,
472 2045 496 2077 3
523 2045 529 2085 1
562 2042 724 2088 nauigiis
749 2054 795 2079 ex
818 2055 937 2080 nauus
962 2056 1054 2082 oon.
1079 2047 1126 2082 H
1146 2050 1153 2091 Ι
1187 2050 1208 2081 8
1235 2048 1439 2093 Segestano

94 2083 187 2138 Οιιᾷ.
212 2096 257 2120 ωε
280 2086 407 2133 Polyb.
434 2092 468 2132 1,
486 2092 557 2132 24;
588 2090 634 2133 cf.
662 2090 800 2126 Zonar.
821 2094 859 2135 8,
878 2095 923 2127 11
951 2093 958 2137 Ι
992 2097 1013 2129 9
1038 2093 1162 2129 clusus
1187 2093 1234 2129 H
1256 2095 1262 2139 Ι
1297 2097 1341 2128 10
1365 2095 1439 2130 ret-

91 2130 181 2182 tulit
206 2131 245 2166 P
280 2134 286 2176 Ι
327 2137 371 2169 12
396 2135 632 2180 proiecerunt
656 2137 699 2172 Η
736 2139 741 2181 Ι
782 2141 826 2173 13
850 2140 993 2186 rursus]
1019 2152 1129 2176 cursu
1153 2142 1179 2177 d
1210 2144 1216 2183 Ι
1256 2145 1302 2176 20
1326 2151 1439 2176 mono

92 2177 207 2213 etiam
220 2178 313 2223 ΗΡ,
337 2191 401 2216 em.
416 2181 517 2218 Mod.
539 2185 545 2227 Ι
567 2187 612 2219 22
633 2183 676 2227 Q.
702 2185 743 2219 in
767 2195 840 2221 ras.
859 2186 974 2222 trium
990 2188 1066 2231 fere
1084 2189 1153 2224 litt.
1177 2187 1387 2232 (queffte’)
1403 2189 1439 2232 h,

92 2233 159 2259 om.
186 2225 225 2259 P
254 2227 270 2279 1·
294 2230 341 2261 24
370 2238 510 2273 paucos
528 2229 576 2265 H
601 2233 608 2275 Ι
641 2234 687 2266 26
720 2231 902 2277 depressit
928 2233 1083 2270 Guietus
1124 2234 1309 2280 percussit
1333 2234 1437 2270 Stew.

92 2270 291 2315 praeduxit
320 2273 551 2313 Wachsmwth
572 2278 579 2322 Ι
604 2278 785 2314 materiae
804 2279 862 2314 H*l
886 2282 1041 2317 materie
1066 2282 1110 2326 ἢ,-
1141 2283 1187 2325 cf.
1210 2293 1249 2326 p.
1270 2284 1329 2325 16,
1350 2285 1382 2317 1.
1403 2285 1434 2318 6.

92 2319 157 2360 22,
178 2321 236 2353 17.
261 2321 324 2364 24,
343 2324 399 2357 14.
429 2324 435 2367 Ι
469 2327 515 2359 30
540 2324 573 2359 si
597 2324 842 2361 constituerat
866 2326 924 2362 H¹

162 2383 188 2408 F
188 2389 349 2411 nnnnnnn
368 2387 413 2412 od.
433 2387 658 2416 eunden-mann.
1205 2390 1226 2420 '2
