1612 2488
121 780 165 813 10

121 1077 163 1108 15

118 1372 163 1404 20

116 1667 161 1699 25

197 127 283 170 136
470 128 572 163 IULI
596 127 834 164 FRONTINI
860 127 1290 166 STRATEGEMATON

194 238 347 278 uerent
385 239 429 279 et
467 240 611 279 castra
648 237 738 280 eius
770 237 1061 294 incenderent,
1101 239 1305 281 simulata
1334 239 1551 295 lignorum

192 295 369 351 inopia,
408 296 554 338 missis
593 296 779 352 undique
818 297 891 352 qui
928 311 979 339 ea
1014 297 1262 341 furarentur
1301 299 1459 355 effecit,
1501 303 1553 343 ut

194 354 401 397 Germani
433 356 658 398 uniuersos
689 358 864 398 truncos
897 357 1190 400 amolirentur.

284 414 323 456 9.
368 413 444 457 On.
465 413 609 470 Scipio
636 415 751 458 bello
778 415 926 457 nauali
959 416 1192 471 amphoras
1223 416 1317 471 pice
1349 419 1393 459 et
1422 417 1554 459 taeda

193 473 347 528 plenas
378 474 424 515 in
456 474 650 516 hostium
683 475 864 517 classem
895 474 1108 517 iaculatus
1139 477 1218 531 est,
1250 490 1432 531 quarum
1463 477 1550 519 iac-

193 537 265 574 tus
299 534 343 574 et
374 533 562 588 pondere
592 533 707 576 foret
731 534 885 576 noxius
917 537 960 575 et
991 534 1279 590 diffundendo,
1311 549 1421 590 quae
1452 550 1551 578 con-

193 591 425 646 tinuerant,
457 593 709 634 alimentum
741 595 985 648 praestaret
1015 593 1224 636 incendio.

285 651 351 693 10.
395 651 615 694 Hannibal
658 652 751 707 regi
802 652 1020 695 Antiocho
1069 653 1357 709 monstrauit,
1405 656 1455 696 ut
1502 654 1550 696 in

192 709 385 752 hostium
405 711 586 753 classem
605 711 784 753 uascula
803 711 1062 754 iacularetur
1087 711 1249 766 uiperis
1274 712 1416 768 plena,
1447 727 1548 769 qua-

192 784 288 811 rum
319 772 439 811 metu
469 771 688 826 perterriti
726 770 886 813 milites
919 785 944 812 a
975 770 1249 813 dimicatione
1287 774 1331 814 et
1360 773 1553 815 nauticis-

192 829 444 871 ministeriis
477 829 785 884 inpedirentur.

284 889 371 940 [11.
414 887 534 930 Idem
565 888 668 931 fecit
699 889 786 930 iam
821 889 997 931 cedente
1030 889 1167 931 classe
1200 904 1278 932 sua
1309 889 1515 943 Prusias]

283 948 351 990 12.
391 946 449 990 M.
468 946 646 990 Porcius
668 946 790 1002 Cato,
820 948 864 990 in
887 949 1068 990 classem
1093 948 1284 991 hostium
1310 963 1406 991 cum
1431 951 1548 992 tran·

191 1006 400 1061 siluisset,
440 1007 680 1049 deturbatis
713 1021 764 1048 ex
804 1021 855 1048 ea
885 1007 1041 1049 Poenis
1074 1022 1304 1063 eorumque
1337 1008 1470 1050 armis
1502 1012 1548 1050 et

191 1065 436 1120 insignibus
456 1067 571 1108 inter
597 1081 697 1108 suos
724 1066 971 1109 distributis
997 1066 1159 1109 multas
1185 1081 1318 1109 naues
1343 1066 1549 1123 hostium,

191 1138 299 1179 quos
334 1125 485 1167 sociali
520 1125 673 1167 habitu
704 1125 940 1181 fefellerat,
971 1126 1134 1167 mersit.
1583 1123 1591 1127 χ

283 1183 349 1225 13.
393 1183 693 1238 Athenienses,
725 1199 821 1226 cum
849 1184 1030 1226 subinde
1055 1199 1081 1226 a
1098 1183 1450 1227 Lacedaemoniis
1481 1185 1547 1227 in-

189 1241 464 1298 festarentur,
497 1243 647 1285 diebus
679 1242 820 1296 festis,
854 1258 960 1298 quos
993 1257 1138 1285 sacros
1170 1242 1391 1285 Mineruae
1423 1245 1549 1286 extra

189 1301 340 1343 urbem
382 1302 676 1357 celebrabant,
715 1317 885 1344 omnem
924 1302 1096 1357 quidem
1134 1302 1370 1344 colentium
1401 1302 1547 1345 imitar-

190 1361 355 1403 tionem
399 1364 726 1416 expresserunt,
771 1362 902 1403 armis
946 1363 1095 1403 tamen
1135 1363 1179 1403 et
1215 1363 1338 1403 ueste
1374 1361 1546 1404 celatis.

188 1423 363 1475 peracto
395 1420 483 1462 ritu
515 1435 594 1462 suo
618 1435 706 1462 non
733 1421 883 1462 statim
908 1419 1105 1462 Athenas
1135 1420 1311 1475 reuersi,
1342 1420 1415 1462 sed
1446 1435 1546 1476 pro-

187 1479 308 1521 tinus
339 1479 438 1521 inde
471 1480 631 1534 raptim
663 1482 759 1521 acto
791 1479 1159 1521 Lacedaemonem
1189 1493 1340 1521 uersus
1372 1479 1549 1535 agmine

188 1552 238 1579 eo
271 1540 480 1593 tempore,
513 1553 596 1593 quo
628 1538 805 1579 minime
836 1537 1125 1591 timebantur,
1156 1551 1308 1593 agrum
1340 1537 1548 1594 hostium,

188 1597 346 1651 quibus
373 1597 555 1638 subinde
580 1596 764 1651 praedae
789 1597 973 1651 fuerant,
1003 1596 1118 1638 ultro
1151 1596 1400 1652 depopulati
1431 1599 1548 1639 sunt.

280 1656 348 1698 14.
396 1654 573 1698 Cassius
612 1655 833 1698 onerarias
872 1670 1023 1710 naues,
1061 1669 1150 1697 non
1185 1655 1332 1711 magni
1372 1654 1426 1697 ad
1458 1655 1547 1698 alia

188 1729 309 1769 usus,
355 1729 556 1757 accensas
602 1717 847 1770 opportuno
884 1718 1016 1756 uento
1054 1716 1100 1756 in
1137 1714 1320 1757 classem
1352 1713 1543 1757 hostium

187 1774 307 1816 misit
338 1777 382 1816 et
412 1774 609 1816 incendio
637 1789 732 1816 eam
764 1773 1044 1828 consumpsit.

279 1833 345 1875 15.
387 1833 443 1875 M.
482 1833 633 1875 Liuius
677 1833 773 1875 fuso
811 1831 1085 1875 Hasdrubale
1125 1831 1403 1874 hortantibus
1445 1846 1543 1874 eum

187 1892 458 1946 quibusdam,
488 1894 538 1934 ut
563 1893 735 1934 hostem
762 1891 816 1933 ad
841 1891 1168 1934 internicionem
1198 1893 1545 1946 persequeretur,

285 2001 299 2030 1
331 1995 441 2030 simul
466 1996 695 2041 talignorum
721 1997 744 2031 h
772 1997 777 2035 Ι
812 1999 832 2030 2
860 1996 976 2031 efficit
1005 1995 1068 2031 111
1096 1996 1101 2040 Ι
1134 1997 1158 2029 4
1182 1995 1270 2029 teda
1295 1994 1342 2030 H
1347 1994 1407 2039 ΡΙ
1437 1998 1458 2030 5
1484 1996 1544 2030 est

186 2054 253 2080 om.
272 2043 306 2078 G
327 2045 332 2088 Ι
358 2046 400 2077 10
421 2044 560 2078 nautici
574 2043 730 2089 Lipsius
752 2044 757 2088 Ι
780 2046 823 2078 12
845 2043 1044 2088 exemplum
1057 2043 1234 2078 alienum.-
1253 2042 1297 2096 cf.
1310 2042 1429 2086 praef.
1445 2041 1473 2088 ,ξ
1485 2045 1509 2078 9
1531 2041 1538 2089 i

187 2091 334 2126 classua
352 2090 398 2125 H
404 2090 415 2109 ¹
437 2092 442 2135 Ι
464 2090 611 2135 pursias
633 2091 666 2126 G
688 2090 694 2137 Ι
717 2095 761 2125 13
786 2089 931 2135 portius
951 2089 1036 2125 ΗΡ
1055 2091 1059 2132 Ι
1081 2088 1173 2124 Cato
1197 2089 1332 2133 scripsi
1353 2089 1431 2124 coll.
1451 2092 1541 2133 4,1,

185 2141 243 2174 16.
266 2140 325 2173 38.
347 2140 436 2180 3,1.
459 2141 492 2180 5,
512 2141 569 2173 17.
591 2141 626 2180 7,
646 2141 703 2173 31.
725 2140 773 2173 35
798 2137 911 2172 dento
929 2137 1056 2172 GHP
1077 2137 1121 2171 de
1141 2135 1191 2170 im
1195 2136 1329 2181 petua
1349 2136 1395 2170 de
1415 2135 1542 2171 lembo

193 2185 393 2230 Wesselinq
427 2154 626 2220 detentam
652 2185 788 2220 Hartel
815 2185 820 2229 Ι
854 2182 1144 2219 intransiluisset
1174 2183 1219 2217 H
1228 2181 1239 2201 ¹
1267 2187 1272 2223 1
1308 2186 1352 2218 15
1381 2182 1539 2228 insignis

185 2232 249 2268 H¹
278 2234 283 2276 Ι
320 2235 363 2267 18
394 2231 571 2267 mineruis
598 2232 661 2266 H¹
690 2232 694 2276 1
731 2236 774 2266 19
807 2242 955 2267 omnem
980 2231 1005 2266 d
1042 2229 1206 2266 omnium
1233 2229 1388 2276 GHP1
1423 2233 1468 2264 20
1499 2231 1540 2265 et

185 2281 300 2315 delere
325 2280 467 2314 mauult
492 2279 625 2314 Hartel
650 2280 718 2313 sub
738 2279 762 2313 d
784 2281 789 2322 Ι
812 2282 855 2313 21
882 2279 958 2313 ritu
983 2277 1067 2324 suo]
1087 2276 1188 2312 risuo
1208 2277 1254 2311 H
1272 2280 1276 2320 Ι
1299 2280 1344 2312 25
1370 2276 1464 2312 alios
1483 2277 1510 2313 d
1531 2276 1536 2323 Ι
1587 2314 1592 2319 ,

185 2331 231 2362 26
258 2337 434 2362 accensus
455 2326 513 2361 H¹
536 2328 540 2371 Ι
563 2330 607 2361 29
634 2325 918 2361 internicionem
940 2325 973 2360 G
998 2323 1276 2360 internitionem
1300 2323 1403 2359 H¹P
1423 2324 1539 2359 inter

184 2374 377 2410 necionem
403 2374 427 2409 h
