1612 2488
537 105 679 142 LIBER
703 105 731 143 Ῑ.
769 105 870 142 ΟΑΡ.
898 108 1002 141 5-6.
1389 103 1447 145 23

323 248 385 284 VI.
424 247 487 284 DE
511 247 706 284 INSIDIIS
731 247 786 283 IN
809 245 1010 282 ITINERE
1036 245 1218 283 FACTIS.

192 335 229 377 1.
268 333 446 376 Fuluius
481 331 702 387 Nobilior,
738 346 835 374 cum
872 346 923 374 ex
961 330 1137 374 Samnio
1174 332 1221 374 in
1251 331 1448 375 Lucanos

99 393 335 437 exercitum
379 391 553 434 duceret
595 393 638 433 et
681 391 958 447 cognouisset
996 405 1022 433 a
1058 390 1255 446 perfugis
1298 390 1447 434 hostes

100 452 384 495 nouissimum
422 464 579 507 agmen
612 450 704 492 eius
736 450 1035 506 adgressuros,
1071 449 1357 492 fortissimam
1387 451 1448 493 le-

102 511 275 568 gionem
316 510 458 565 primo
501 509 582 563 ire,
623 509 779 551 ultima
821 509 943 564 sequi
979 508 1108 551 iussit
1143 508 1448 564 inpedimenta.

99 570 164 612 ita
193 569 356 612 factum
386 582 465 624 pro
497 568 719 610 occasione
751 567 938 623 amplexi
969 567 1118 610 hostes
1145 567 1330 624 diripere
1357 583 1447 611 sar-

98 628 217 671 cinas
266 629 519 683 coeperunt:
579 625 761 669 Fuluius
810 627 1047 683 legionem,
1094 626 1145 669 de
1188 641 1273 682 qua
1316 642 1448 684 supra

98 687 262 730 dictum
292 689 377 742 est,
409 686 598 742 quinque
629 686 828 728 cohortes
853 687 895 728 in
922 685 1117 728 dextram
1147 686 1245 729 uiae
1274 689 1446 742 partem

97 746 273 801 direxit,
314 745 503 800 quinque
535 744 588 786 ad
626 745 864 799 sinistram,
906 748 1035 801 atque
1072 745 1135 788 ita
1176 746 1446 800 praedationi

97 805 291 847 intentos
333 804 483 846 hostes
526 804 741 858 explicato
784 818 861 858 per
902 806 1084 859 utraque
1126 804 1267 846 latera
1307 804 1445 848 milite

95 863 252 906 clausit
281 862 531 918 ceciditque.

187 922 227 964 2.
265 920 404 975 Idem,
440 921 641 963 hostibus
673 923 842 977 tergum
874 921 964 963 eius
994 921 1041 964 in
1070 921 1224 964 itinere
1254 937 1446 977 premen-

96 979 232 1035 tibus,
262 979 437 1022 flumine
467 980 782 1022 interueniente
811 994 898 1022 non
928 980 993 1022 ita
1021 994 1197 1036 magno,
1228 985 1277 1023 ut
1306 983 1446 1024 trans·

95 1039 206 1081 itum
235 1038 501 1094 prohiberet,
531 1041 773 1081 moraretur
801 1042 949 1081 tamen
979 1039 1231 1095 rapiditate,
1262 1040 1444 1083 alteram

95 1097 312 1153 legionem
341 1097 388 1140 in
412 1097 579 1140 occulto
605 1098 714 1140 citra
738 1098 896 1140 flumen
924 1098 1185 1151 conlocauit,
1216 1102 1266 1141 ut
1295 1099 1444 1143 hostes

95 1156 315 1212 paucitate
352 1159 599 1211 contempta
636 1156 837 1199 audacius
878 1159 1174 1213 sequerentur:
1218 1158 1332 1213 quod
1369 1159 1444 1202 ubi

94 1214 260 1258 factum
292 1217 375 1270 est,
405 1215 537 1271 legio,
570 1230 678 1270 quae
710 1216 764 1258 ob
794 1215 878 1259 hoc
909 1217 1123 1271 disposita
1155 1220 1266 1272 erat,
1297 1232 1349 1260 ex
1380 1219 1443 1261 in-

95 1273 217 1316 sidiis
247 1273 416 1316 hostem
449 1274 655 1329 adgressa
685 1276 888 1317 uastauit.

186 1333 226 1375 3.
255 1332 493 1388 Iphicrates
519 1333 565 1374 in
590 1332 791 1389 Thracia,
817 1348 913 1376 cum
942 1337 1121 1390 propter
1148 1335 1442 1378 condicionem

94 1390 287 1434 locorum
318 1391 498 1447 longum
530 1405 688 1448 agmen
719 1392 946 1436 deduceret
978 1396 1021 1435 et
1048 1394 1298 1436 nuntiatum
1329 1398 1443 1438 esset

99 1450 140 1492 ei
162 1449 312 1493 hostes
338 1464 553 1492 summum
578 1451 621 1492 id
647 1451 943 1507 adgressuros,
969 1451 1169 1494 cohortes
1194 1453 1240 1495 in
1260 1456 1443 1509 utraque

97 1508 235 1551 latera
271 1509 467 1552 secedere
499 1512 542 1552 et
573 1510 808 1552 consistere
843 1511 986 1565 iussit,
1025 1513 1191 1554 ceteros
1229 1513 1444 1569 suffugere

97 1570 144 1609 et
167 1567 253 1609 iter
277 1570 512 1623 maturare3
543 1571 791 1611 transeunte
817 1572 962 1612 autem
987 1572 1082 1613 toto
1102 1571 1274 1625 agmine
1300 1572 1442 1614 lectis-

46 1664 50 1667 .
99 1626 231 1667 simos
270 1641 459 1681 quosque
495 1627 674 1669 retinuit
710 1630 755 1669 et
791 1628 855 1670 ita
889 1629 1052 1683 passim
1089 1630 1202 1671 circa
1238 1631 1442 1684 praedam

87 1686 330 1738 occupatos
366 1684 531 1740 hostes,
567 1685 654 1726 iam
689 1687 818 1728 etiam
850 1686 1078 1742 fatigatos,
1114 1688 1206 1742 ipse
1236 1689 1440 1743 requietis

97 1744 142 1784 et
173 1742 384 1784 ordinatis
416 1743 503 1785 suis
536 1743 763 1798 adgressus
794 1745 908 1786 fudit
938 1745 1138 1800 exuitque
1167 1747 1339 1800 praeda.

184 1801 225 1842 4.
267 1800 367 1843 Boii
409 1801 455 1842 in
498 1801 608 1843 silua
647 1801 822 1858 Litana,
866 1818 996 1858 quam
1039 1805 1304 1848 transiturus
1348 1811 1440 1850 era‘t¹

190 1921 208 1951 1
234 1917 275 1952 in
299 1920 332 1952 et
356 1916 468 1952 factis
493 1927 559 1953 om.
580 1917 641 1962 ΡΙ
664 1921 684 1953 7
709 1917 847 1953 fuluius
867 1918 920 1962 H,
943 1920 1006 1955 sed
1029 1919 1070 1954 ul
1093 1921 1136 1955 in
1158 1931 1232 1957 ras.
1251 1921 1275 1957 h
1295 1924 1301 1967 1
1323 1922 1440 1969 legio-

92 1963 150 1998 nis
167 1964 192 1999 d
213 1965 219 2007 Ι
241 1967 262 1999 8
288 1964 468 2011 quinque]
493 1965 549 2001 .V.
569 1965 615 2000 H
632 1966 637 2009 Ι
660 1968 680 2000 9
699 1965 935 2010 praedationi
952 1966 1006 2010 H,
1029 1968 1090 2003 sed
1108 1968 1172 2004 alt.
1192 1979 1215 2004 a
1232 1969 1275 2004 in
1293 1980 1366 2005 ras.
1385 1970 1411 2005 h
1434 1977 1436 2009 ξ

96 2013 139 2045 13
166 2010 254 2045 dum
277 2010 428 2046 flumine
456 2011 503 2054 P,
527 2012 593 2047 ubi
617 2022 746 2047 nomen
769 2013 933 2056 fluminis
958 2014 1068 2050 latere
1090 2016 1183 2051 coni.
1212 2015 1305 2052 oud.
1329 2019 1333 2061 Ι
1364 2028 1440 2053 non

90 2056 148 2092 ita
163 2056 264 2100 (lata
277 2057 351 2102 11¹)
374 2069 512 2103 magno
525 2058 572 2094 H
590 2069 767 2104 superscr.
787 2059 891 2095 habet
911 2059 919 2106 1
939 2062 982 2096 ut
999 2072 1065 2098 om.
1080 2061 1138 2096 H¹
1159 2064 1165 2106 Ι
1189 2065 1233 2097 14
1257 2064 1383 2099 tamen
1398 2064 1445 2099 H

92 2103 136 2138 in
158 2114 231 2139 ras.
255 2106 260 2147 i
282 2104 442 2140 alterum
460 2105 519 2140 H¹
541 2107 547 2150 Ι
571 2109 613 2140 15
639 2105 755 2141 hostis
773 2106 841 2154 H}
866 2110 908 2142 1⁷
927 2107 1027 2154 legio
1049 2119 1116 2145 om.
1136 2109 1195 2144 H*¹
1216 2111 1222 2154 Ι
1245 2113 1289 2145 18
1314 2112 1439 2146 uasta-

92 2148 152 2184 uit
169 2149 216 2185 H
234 2151 277 2186 in
299 2162 372 2187 ras.
407 2151 413 2198 Ι
449 2156 492 2187 19
517 2152 677 2188 Thracia
694 2153 829 2189 Παντεῖ
863 2154 1019 2190 traciam
1038 2155 1097 2190 H¹
1128 2156 1311 2192 thraciam
1335 2157 1406 2192 721>
1430 2158 1434 2204 Ι

94 2199 141 2231 20
165 2207 300 2242 agmen
324 2208 391 2235 om.
418 2199 464 2234 H
480 2202 485 2243 1
519 2199 723 2235 dudueeret
748 2199 807 2235 H¹
833 2203 839 2243 Ι
871 2201 911 2236 in
936 2201 1091 2248 longum
1116 2214 1149 2239 a.
1176 2203 1368 2239 diduceret
1393 2225 1438 2231 —

92 2241 142 2278 ob
167 2242 206 2278 id
231 2244 366 2280 Hartel
398 2247 403 2290 Ι
436 2249 482 2281 27
507 2246 591 2282 Boii
614 2247 654 2281 in
682 2247 717 2281 P
753 2246 848 2282 Boni
871 2247 911 2283 in
936 2249 967 2284 0
1002 2250 1096 2285 Boni
1121 2250 1178 2285 ΗἸ
1214 2249 1352 2286 Bouini
1375 2252 1399 2287 h
1430 2253 1434 2298 1

91 2289 216 2372 latin}
237 2290 364 2335 CHP,
396 2303 458 2328 em.
485 2294 562 2329 edd.
588 2304 632 2329 ex
657 2294 744 2329 Liu.
765 2296 828 2338 23,
843 2297 894 2330 24
926 2297 932 2342 Ι
971 2307 1082 2341 quam
1109 2296 1209 2332 0121>
1243 2308 1354 2341 quem
1378 2299 1437 2334 ΗἸ

91 2347 166 2380 qua

1473 521 1494 554 5

1474 818 1517 849 10

1472 1112 1515 1145 15

1469 1409 1513 1440 20

1467 1702 1511 1734 25
