1612 2488
142 753 185 785 10

144 1049 186 1081 15

142 1345 188 1377 20

143 1770 187 1802 25

215 95 298 138 108
484 95 588 132 IULI
612 94 846 132 FRONTINI
875 94 1304 133 STRATEGEMATON

212 205 301 247 suis
332 204 465 247 nandi
490 207 534 247 et
558 205 759 247 nauticae
791 204 898 247 artis
923 205 1111 260 peritum
1142 205 1271 247 iussit
1299 204 1562 248 insidentem

212 263 380 307 duobus
400 264 564 306 inflatis
582 264 753 306 utribus
771 264 942 306 litteras
962 264 1129 306 insutas
1147 263 1422 319 habentibus,
1453 279 1563 320 quos

212 324 267 366 ab
298 323 504 365 inferiore
536 327 661 379 parte
693 323 859 366 duabus
885 324 1047 378 regulis
1077 323 1191 366 inter
1221 338 1267 366 se
1298 322 1560 366 distantibus

211 383 511 434 commiserat,
555 383 617 425 ire
668 386 834 437 septem
879 383 1001 425 milia
1055 397 1263 438 passuum
1311 383 1565 425 traiectum:

212 443 326 499 quod
352 443 415 484 ita
440 442 577 497 perite
598 443 788 498 gregalis
812 441 929 496 fecit,
961 444 1010 483 ut
1036 441 1234 484 eruribus
1259 441 1381 484 uelut
1405 441 1562 498 guber-

211 502 376 544 naculis
415 502 603 544 dimissis
642 516 813 543 cursum
853 501 1060 557 dirigeret
1100 503 1144 543 et
1179 501 1329 556 procul
1365 501 1563 556 uisentis,

212 562 286 617 qui
330 562 375 603 in
419 561 609 603 statione
653 563 798 616 erant,
841 561 1034 603 marinae
1078 561 1220 616 specie
1256 560 1409 603 beluae
1452 560 1562 603 deci-

243 623 344 664 eret.

211 637 239 677 p
304 681 342 722 7.
385 679 556 721 Hirtius
589 679 740 722 consul
771 679 825 721 ad
850 678 1075 721 Decimum
1100 677 1298 733 Brutum,
1331 678 1405 734 qui
1434 677 1564 720 Muti·

214 753 294 782 nae
340 740 394 781 ab
431 739 626 781 Antonio
665 738 968 793 obsidebatur,
1013 738 1184 780 litteras
1222 737 1405 780 subinde
1443 737 1565 780 misit

211 799 392 855 plumbo
420 799 618 853 scriptas,
652 798 808 854 quibus
841 797 895 840 ad
922 797 1146 840 brachium
1176 797 1373 853 religatis
1403 796 1565 839 milites

213 857 493 901 Scultennam
526 872 697 899 amnem
727 857 978 899 tranabant.

303 918 343 961 8.
385 917 505 959 Idem
537 916 773 968 columbis,
805 931 912 972 quas
945 916 1135 959 inclusas
1168 917 1268 958 ante
1299 914 1491 957 tenebris
1521 916 1566 957 et

212 977 328 1020 fame
372 977 613 1030 adfecerat,
659 976 868 1030 epistulas
907 978 1028 1017 saeta
1065 974 1119 1017 ad
1159 974 1320 1017 collum
1350 973 1565 1029 religabat

213 1051 372 1092 easque
405 1051 430 1078 a
460 1036 731 1091 propinquo,
773 1035 819 1076 in
857 1037 1064 1090 quantum
1102 1037 1300 1089 poterat,
1336 1033 1563 1076 moenibus

211 1097 308 1138 loco
347 1096 588 1137 emittebat.
655 1094 756 1136 illae
792 1094 902 1136 lucis
948 1094 1119 1149 cibique
1158 1093 1310 1135 auidae
1351 1092 1566 1134 altissima

213 1155 509 1198 aedificiorum
550 1156 744 1208 petentes
783 1153 1109 1208 excipiebantur
1147 1167 1173 1194 a
1204 1151 1364 1205 Bruto,
1401 1151 1475 1206 qui
1514 1165 1564 1193 eo

212 1214 341 1256 modo
363 1214 413 1255 de
434 1214 633 1256 omnibus
659 1213 786 1254 rebus
813 1212 969 1255 certior
993 1212 1138 1266 fiebat,
1161 1211 1309 1266 utique
1333 1213 1565 1266 postquam

213 1273 425 1329 disposito
465 1271 723 1328 quibusdam
762 1271 868 1314 loeis
907 1271 1004 1314 cibo
1043 1270 1265 1313 columbas
1303 1269 1409 1312 illuc
1439 1269 1568 1311 deuo-

213 1333 303 1375 lare
335 1332 599 1375 instituerat.

211 1483 329 1519 XIIII.
367 1483 430 1518 DE
462 1481 862 1519 INTRODUCENDIS
893 1480 1107 1516 AUXILIIS
1133 1480 1196 1515 ΕΤ
1221 1478 1566 1516 COMMEATIBUS

713 1539 1062 1577 SUGGERENDIS.

305 1641 341 1682 1.
379 1638 502 1682 Bello
524 1639 654 1693 ciuili,
686 1653 782 1681 cum
803 1638 974 1693 Ategua
999 1636 1102 1679 urbs
1133 1636 1177 1678 in
1196 1635 1412 1692 Hispania
1436 1634 1564 1679 Pom-

212 1699 464 1755 peianarum
490 1699 679 1753 partium
701 1697 984 1748 obsideretur,
1005 1695 1183 1738 Maurus
1203 1695 1316 1738 inter
1335 1693 1565 1749 noc<tem>

213 1761 438 1813 tamquam
489 1756 774 1800 Caesarianus
830 1756 994 1799 tribuni
1050 1754 1354 1797 cornicularius
1409 1753 1566 1810 uigiles

214 1817 423 1873 quosdam
456 1816 681 1859 excitauit:
714 1831 764 1858 ex
796 1816 951 1871 quibus
983 1815 1110 1869 <cum
1141 1816 1350 1856 tesseram
1381 1812 1567 1868 accepis·

310 1971 328 2003 1
354 1969 586 2004 insedentem
605 1968 662 2003 Ηι
684 1971 690 2014 1
718 1972 741 2002 4
765 1967 870 2002 milia
889 1967 914 2002 d
938 1966 1084 2002 milium
1103 1965 1150 2001 H
1153 1965 1211 2007 ΡΙ
1239 1969 1260 2000 6
1285 1963 1449 1999 dimissis
1468 1963 1572 2000 H¹P

213 2015 382 2052 demissis
407 2017 431 2050 h
453 2017 457 2060 Ι
493 2020 513 2051 7
539 2017 684 2050 marina
701 2015 762 2058 ΡΙ
791 2020 812 2050 9
838 2015 966 2050 Hirtus
979 2014 1038 2049 Ηι
1060 2020 1064 2055 1
1097 2017 1136 2048 11
1164 2011 1295 2057 ligatis
1311 2011 1357 2046 H
1373 2014 1378 2055 Ι
1415 2014 1458 2046 12
1483 2022 1566 2048 scu-

211 2062 345 2099 tellam
364 2062 411 2098 H
438 2062 649 2098 scultellam
676 2063 722 2107 P,
747 2074 809 2098 em.
838 2063 941 2098 Mod.
970 2062 976 2106 Ι
1008 2064 1052 2096 13
1079 2060 1267 2096 columbas
1290 2059 1315 2094 h
1342 2060 1348 2104 Ι
1381 2070 1474 2104 quas
1499 2069 1566 2095 om.

213 2111 260 2147 H
286 2113 290 2154 Ι
333 2114 377 2144 14
415 2109 592 2154 epistolas
630 2110 676 2145 H
706 2118 710 2153 ι
751 2113 832 2145 seta
865 2110 902 2145 P
931 2113 935 2154 Ι
977 2112 1022 2144 15
1058 2106 1253 2143 moenibus
1290 2105 1566 2142 Mutinensibus

221 2158 271 2193 W
270 2157 458 2194 aehsmuth

309 2209 355 2240 24
387 2203 577 2240 obsidetur
609 2204 654 2238 H
682 2205 687 2249 1
721 2214 870 2240 maurus
901 2203 989 2238 ΗΡ
1020 2201 1209 2237 Munatius
1239 2201 1458 2237 Perizonius
1486 2201 1566 2237 coll.

213 2253 327 2288 Dion.
353 2255 414 2295 43,
439 2254 487 2287 34
514 2252 519 2295 Ι
547 2251 646 2286 inter
670 2254 818 2286 noctem
844 2262 910 2287 nos
935 2250 1013 2286 coll.
1039 2249 1176 2285 Dionis
1202 2249 1224 2285 l.
1246 2249 1267 2283 l.
1294 2248 1458 2284 interrex
1482 2247 1569 2284 ΗΡ

214 2299 253 2334 in
284 2300 465 2335 tesseram
497 2299 631 2334 Παντεῖ
660 2302 858 2343 praeeunte
886 2297 1170 2342 Oudendorpiol
1202 2299 1247 2331 26
1274 2306 1357 2331 cum
1386 2297 1566 2331 tesseram

217 2347 425 2392 accepisset
449 2346 620 2392 suppleui
645 2346 723 2381 coll.
749 2346 885 2381 Dionis
912 2345 935 2381 Ζ.
956 2345 977 2381 l.
