1612 2488
529 89 677 127 LIBER
698 90 746 127 11.
784 90 888 127 CAP.
914 94 1016 128 8-9.
1385 90 1441 133 79

89 198 389 244 Mithridatico
413 199 547 242 ductu
571 199 793 253 Archelai,
824 199 976 242 stricto
1008 199 1153 255 gladio
1178 199 1225 242 in
1254 199 1441 254 primam

90 259 225 301 aciem
262 259 532 314 procucurrit
568 258 878 314 appellansque
915 258 1076 300 milites
1113 258 1238 311 dixit,
1275 259 1313 300 si
1342 259 1439 314 quis

90 317 344 373 quaesisset,
373 317 447 360 ubi
478 318 784 372 imperatorem
808 317 1101 373 reliquissent,
1129 317 1441 372 responderent

88 378 356 432 pugnantem
380 376 427 418 in
449 375 652 419 Boeotia:
682 377 802 419 cuius
833 377 897 418 rei
928 376 1090 432 pudore
1120 377 1313 419 uniuersi
1342 391 1439 419 eum

90 435 227 478 secuti
260 437 374 478 sunt.
1464 447 1486 479 5

179 494 248 538 13.
297 493 435 537 Diuus
476 493 611 536 Iulius
659 493 715 536 ad
756 493 962 537 Mundam
1004 494 1293 537 referentibus
1350 494 1438 536 suis

88 553 240 609 pedem
284 567 439 609 equum
476 567 601 596 suum
639 553 794 596 abduci
832 568 858 596 a
896 556 1129 608 conspectu
1159 553 1288 596 iussit
1318 557 1363 596 et
1392 554 1439 595 in

87 612 272 667 primam
298 612 436 654 aciem
459 612 588 667 pedes
613 612 835 667 prosiluit:
866 612 1046 667 milites,
1077 613 1179 655 dum
1205 612 1438 655 destituere

88 671 392 726 imperatorem
420 671 695 724 erubeseunt,
724 671 1131 727 redintegrauerunt
1161 671 1385 726 proelium.

180 730 248 772 14.
288 729 516 785 Philippus
546 729 728 782 ueritus,
758 744 813 772 ne
843 730 1054 785 impetum
1080 729 1339 785 Scytharum
1372 731 1437 772 sui
1466 743 1510 774 10

88 802 177 831 non
213 789 491 840 sustinerent,
528 788 802 831 fidelissimos
840 789 1031 844 equitum
1068 804 1095 831 a
1130 793 1254 845 tergo
1293 790 1438 844 posuit

88 847 409 903 praecepitque,
443 862 498 890 ne
534 862 661 902 quem
699 848 1039 891 commilitonum
1077 862 1129 890 ex
1166 849 1256 891 acie
1286 849 1437 904 fugere

88 908 358 961 paterentur,
394 906 743 961 perseuerantius
781 907 990 949 abeuntes
1027 907 1312 950 trucidarent:
1352 922 1439 963 qua

90 964 414 1008 denuntiatione
440 980 538 1008 cum
563 965 791 1020 effecisset,
815 969 865 1008 ut
888 966 1019 1009 etiam
1044 966 1311 1009 timidissimi
1329 967 1437 1009 mal-

89 1023 182 1066 lent
224 1024 280 1066 ab
322 1024 523 1067 hostibus
566 1039 696 1080 quam
737 1025 792 1067 ab
830 1024 919 1067 suis
962 1025 1165 1081 interfici,
1207 1026 1436 1068 uictoriam
1464 1037 1507 1068 15

90 1082 336 1138 adquisiuit.

295 1221 360 1257 DE
386 1221 467 1257 HIS
491 1222 622 1265 QUAE
646 1222 768 1259 POST
793 1222 1043 1259 PROELIUM
1065 1223 1224 1260 FIUNT.

89 1279 206 1316 VIIII.
239 1280 281 1316 SI
304 1280 397 1318 RES
421 1281 671 1318 PROSPERE
697 1281 939 1328 CESSERIT,
965 1283 1029 1318 DE
1049 1282 1435 1320 CONSUMMANDIS

553 1339 794 1384 RELIQUIIS
819 1341 974 1378 BELLI.

180 1436 219 1478 l.
267 1433 314 1478 C.
349 1435 531 1491 Marius,
574 1437 702 1480 uictis
745 1438 911 1492 proelio
954 1438 1180 1492 Teutonis,
1227 1438 1434 1493 reliquias
1460 1450 1505 1482 20

89 1507 255 1548 eorum,
287 1495 388 1550 quia
417 1510 504 1538 nox
532 1496 843 1551 interuenerat,
879 1497 1212 1551 circumsedens,
1249 1497 1434 1540 sublatis

90 1553 268 1595 subinde
305 1554 567 1597 clamoribus
603 1570 681 1609 per
716 1570 877 1610 paucos
915 1571 1090 1599 suorum
1121 1556 1342 1598 territauit
1371 1557 1434 1613 in-

90 1624 370 1666 somnemque
398 1612 569 1655 hostem
600 1614 800 1667 detinuit,
837 1629 889 1656 ex
919 1629 970 1657 eo
1003 1615 1249 1669 adsecutus,
1278 1619 1328 1657 ut
1358 1630 1434 1669 po·

56 1672 61 1675 ’
91 1671 207 1711 stero
237 1669 306 1711 die
335 1671 622 1726 inrequietum
651 1673 823 1715 facilius
853 1673 1100 1715 debellaret.

178 1728 220 1770 2.
255 1726 459 1771 Claudius
490 1728 625 1782 Nero,
657 1731 785 1772 uictis
815 1731 991 1785 Poenis,
1021 1746 1129 1786 quos
1160 1731 1433 1774 Hasdrubale
1458 1743 1504 1775 25

91 1786 195 1828 duce
225 1786 271 1829 in
294 1786 470 1830 Italiam
495 1803 545 1830 ex
570 1787 786 1843 Hispania
815 1791 1063 1832 traicientes
1096 1794 1333 1845 exceperat,
1364 1805 1434 1833 ca-

89 1848 170 1900 put
186 1843 476 1888 Hasdrubalis
495 1847 540 1888 in
558 1850 701 1889 castra
720 1847 979 1891 Hannibalis
999 1850 1141 1892 eiecit:
1166 1864 1250 1905 quo
1270 1850 1434 1892 factum

90 1907 174 1957 est,
214 1907 265 1947 ut
304 1908 348 1946 et
386 1904 605 1948 Hannibal
642 1907 760 1949 luctu
799 1909 919 1959 [nam
948 1908 1084 1950 frater
1114 1909 1281 1951 occisus
1319 1911 1431 1962 erat]

186 1999 205 2030 1
230 1995 459 2033 mitridatico
472 1999 496 2032 h
518 1997 724 2033 min-idatio
744 1999 800 2034 ΗἸ
827 1998 1039 2036 mitridaico
1058 2000 1095 2036 P
1112 2003 1119 2044 Ι
1140 2002 1335 2036 archelaus
1355 2002 1402 2037 H

90 2046 111 2076 3
137 2042 406 2087 responderunt
424 2045 471 2080 H
486 2046 492 2088 Ι
513 2049 536 2080 4
561 2044 640 2080 cuis
659 2045 718 2080 ΗἸ
740 2049 745 2089 1
769 2050 788 2081 7
816 2058 951 2092 equum
969 2047 1022 2090 H,
1045 2049 1108 2083 sed
1130 2060 1194 2083 um
1219 2050 1261 2084 in
1280 2059 1352 2084 ras.
1372 2049 1397 2083 h

92 2092 136 2124 10
162 2090 346 2134 scytarum
371 2091 417 2126 H
437 2092 611 2127 scitatum
639 2093 700 2137 ΡΙ
723 2097 767 2128 13
792 2093 962 2130 abeuntis
990 2095 1027 2129 P

187 2137 400 2189 Upitulum
424 2149 490 2174 om.
517 2139 576 2174 H¹
609 2140 615 2185 1
654 2140 761 2186 fiunt]
788 2140 937 2185 agenda
959 2143 1045 2177 sunt
1069 2143 1095 2177 d
1117 2153 1162 2177 ex
1180 2154 1220 2188 p.
1248 2144 1323 2186 33,
1349 2145 1396 2178 19

93 2186 136 2217 18
162 2185 356 2219 cessissent
372 2185 395 2220 h
416 2189 423 2228 Ι
446 2189 489 2221 19
509 2185 662 2231 reliquis
680 2187 732 2230 H,
757 2188 839 2222 item
852 2198 893 2232 p·
918 2191 981 2233 38,
1003 2191 1056 2225 22
1079 2189 1083 2235 Ι
1111 2193 1158 2225 20
1183 2188 1347 2224 maurius
1371 2189 1396 2224 h
1424 2212 1428 2235 g

89 2232 135 2263 21
161 2229 456 2268 circumuenerat
471 2232 565 2276 HP,
590 2245 653 2268 em.
676 2232 789 2269 Gron.
821 2234 827 2281 Ι
861 2239 907 2271 24
930 2235 1166 2280 inrequetum
1191 2236 1237 2271 H
1266 2239 1271 2279 Ι
1311 2239 1357 2272 25
1376 2235 1431 2272 Cl.

90 2275 200 2321 ΗΡΙ
221 2275 434 2314 hastrubale
453 2279 522 2323 ΗΙ
549 2284 594 2315 26
619 2279 658 2315 in
682 2279 792 2316 italia
809 2281 913 2327 HP,
936 2294 1029 2319 corr.
1047 2285 1073 2319 d
1099 2283 1105 2330 Ι
1132 2287 1176 2318 27
1202 2282 1431 2318 hastrubalis

90 2322 137 2356 H
172 2324 178 2367 Ι
217 2326 263 2359 28
286 2334 373 2359 nam
399 2346 441 2351 —
469 2328 549 2362 erat
573 2328 638 2363 del.
668 2327 780 2365 Oud.:
804 2329 850 2372 cf.
872 2331 991 2375 praef.
1016 2330 1044 2377 ἕ
1068 2333 1093 2365 9
1115 2329 1242 2365 fratris
1268 2330 1383 2366 occisi
1405 2331 1431 2366 d
