<?xml version="1.0" encoding="UTF-8"?>
<!DOCTYPE html PUBLIC "-//W3C//DTD XHTML 1.0 Transitional//EN"
    "http://www.w3.org/TR/xhtml1/DTD/xhtml1-transitional.dtd">
<html xmlns="http://www.w3.org/1999/xhtml" xml:lang="en" lang="en">
 <head>
  <title>
</title>
<meta http-equiv="Content-Type" content="text/html;charset=utf-8" />
  <meta name='ocr-system' content='tesseract 3.04.00' />
  <meta name='ocr-capabilities' content='ocr_page ocr_carea ocr_par ocr_line ocrx_word'/>
</head>
<body>
  <div class='ocr_page' id='page_1' title='image "./strategematonlib00fronuoft_0131.png"; bbox 0 0 1612 2488; ppageno 0'>
   <div class='ocr_carea' id='block_1_1' title="bbox 446 98 1397 143">
    <p class='ocr_par' dir='ltr' id='par_1_1' title="bbox 446 98 1397 143">
     <span class='ocr_line' id='line_1_1' title="bbox 446 98 1397 143; baseline -0.003 0"><span class='ocrx_word' id='word_1_1' title='bbox 446 106 596 143; x_wconf 76' lang='lat' dir='ltr'><strong>LIBER</strong></span> <span class='ocrx_word' id='word_1_2' title='bbox 616 105 681 142; x_wconf 87' lang='grc' dir='ltr'>ΙΙΙ.</span> <span class='ocrx_word' id='word_1_3' title='bbox 718 104 822 141; x_wconf 76' lang='lat' dir='ltr'>CAP.</span> <span class='ocrx_word' id='word_1_4' title='bbox 850 107 1001 140; x_wconf 79' lang='lat'>11-13.</span> <span class='ocrx_word' id='word_1_5' title='bbox 1313 98 1397 142; x_wconf 84' lang='grc'>107</span> 
     </span>
    </p>
   </div>
   <div class='ocr_carea' id='block_1_2' title="bbox 8 207 1399 392">
    <p class='ocr_par' dir='ltr' id='par_1_2' title="bbox 8 207 1399 392">
     <span class='ocr_line' id='line_1_2' title="bbox 8 207 1399 295; baseline -0.009 -32"><span class='ocrx_word' id='word_1_6' title='bbox 8 213 13 217; x_wconf 55' lang='grc'><strong>’</strong></span> <span class='ocrx_word' id='word_1_7' title='bbox 56 233 234 295; x_wconf 49' lang='lat' dir='ltr'>sequani</span> <span class='ocrx_word' id='word_1_8' title='bbox 262 215 584 272; x_wconf 84' lang='lat' dir='ltr'>increpantibus</span> <span class='ocrx_word' id='word_1_9' title='bbox 621 213 809 270; x_wconf 79' lang='lat' dir='ltr'>‘qualem</span> <span class='ocrx_word' id='word_1_10' title='bbox 844 210 1019 267; x_wconf 79' lang='lat' dir='ltr'>inueni&#39;,</span> <span class='ocrx_word' id='word_1_11' title='bbox 1049 210 1210 267; x_wconf 90' lang='lat' dir='ltr'>inquit,</span> <span class='ocrx_word' id='word_1_12' title='bbox 1249 207 1399 251; x_wconf 76' lang='lat' dir='ltr'>‘talem</span> 
     </span>
     <span class='ocr_line' id='line_1_3' title="bbox 52 279 1398 392; baseline -0.009 -11"><span class='ocrx_word' id='word_1_13' title='bbox 52 279 219 390; x_wconf 30' lang='lat' dir='ltr'>mhi?</span> <span class='ocrx_word' id='word_1_14' title='bbox 244 333 572 392; x_wconf 81' lang='lat' dir='ltr'><strong>Epaminondas</strong></span> <span class='ocrx_word' id='word_1_15' title='bbox 603 331 833 374; x_wconf 84' lang='lat' dir='ltr'><strong>Thebanus</strong></span> <span class='ocrx_word' id='word_1_16' title='bbox 869 330 983 373; x_wconf 89' lang='lat' dir='ltr'>idem</span> <span class='ocrx_word' id='word_1_17' title='bbox 1019 330 1174 372; x_wconf 88' lang='lat' dir='ltr'>fecisse</span> <span class='ocrx_word' id='word_1_18' title='bbox 1211 327 1398 380; x_wconf 64' lang='lat' dir='ltr'>dicitur]</span> 
     </span>
    </p>
   </div>
   <div class='ocr_carea' id='block_1_3' title="bbox 149 467 1298 512">
    <p class='ocr_par' dir='ltr' id='par_1_3' title="bbox 149 467 1298 512">
     <span class='ocr_line' id='line_1_4' title="bbox 149 467 1298 512; baseline -0.009 0"><span class='ocrx_word' id='word_1_19' title='bbox 149 474 247 512; x_wconf 83' lang='lat' dir='ltr'><strong>XIII.</strong></span> <span class='ocrx_word' id='word_1_20' title='bbox 284 473 348 510; x_wconf 77' lang='lat' dir='ltr'>DE</span> <span class='ocrx_word' id='word_1_21' title='bbox 372 471 656 509; x_wconf 77' lang='lat' dir='ltr'><strong>EMI&#39;I&#39;I&#39;ENDO</strong></span> <span class='ocrx_word' id='word_1_22' title='bbox 682 470 746 506; x_wconf 83' lang='lat' dir='ltr'>ET</span> <span class='ocrx_word' id='word_1_23' title='bbox 771 468 1068 506; x_wconf 84' lang='lat' dir='ltr'>RECIPIENDO</span> <span class='ocrx_word' id='word_1_24' title='bbox 1093 467 1298 504; x_wconf 81' lang='lat' dir='ltr'><strong>NUNTIO.</strong></span> 
     </span>
    </p>
   </div>
   <div class='ocr_carea' id='block_1_4' title="bbox 55 563 1408 1683">
    <p class='ocr_par' dir='ltr' id='par_1_4' title="bbox 55 563 1404 850">
     <span class='ocr_line' id='line_1_5' title="bbox 146 563 1402 625; baseline -0.008 -10"><span class='ocrx_word' id='word_1_25' title='bbox 146 573 185 615; x_wconf 92' lang='lat'>1.</span> <span class='ocrx_word' id='word_1_26' title='bbox 228 570 431 625; x_wconf 77' lang='lat' dir='ltr'>Romani,</span> <span class='ocrx_word' id='word_1_27' title='bbox 462 568 628 612; x_wconf 77' lang='lat' dir='ltr'>obsessi</span> <span class='ocrx_word' id='word_1_28' title='bbox 659 568 706 610; x_wconf 88' lang='lat' dir='ltr'>in</span> <span class='ocrx_word' id='word_1_29' title='bbox 726 566 955 623; x_wconf 85' lang='lat' dir='ltr'>Capitolio,</span> <span class='ocrx_word' id='word_1_30' title='bbox 986 565 1039 608; x_wconf 88' lang='lat' dir='ltr'>ad</span> <span class='ocrx_word' id='word_1_31' title='bbox 1065 563 1298 607; x_wconf 87' lang='lat' dir='ltr'>Camillum</span> <span class='ocrx_word' id='word_1_32' title='bbox 1329 578 1402 606; x_wconf 89' lang='lat' dir='ltr'>au·</span> 
     </span>
     <span class='ocr_line' id='line_1_6' title="bbox 55 623 1404 686; baseline -0.007 -12"><span class='ocrx_word' id='word_1_33' title='bbox 55 631 160 674; x_wconf 80' lang='lat' dir='ltr'>xilio</span> <span class='ocrx_word' id='word_1_34' title='bbox 189 629 492 686; x_wconf 76' lang='lat' dir='ltr'>inplorandam</span> <span class='ocrx_word' id='word_1_35' title='bbox 535 628 745 670; x_wconf 89' lang='lat' dir='ltr'>miserunt</span> <span class='ocrx_word' id='word_1_36' title='bbox 775 625 980 668; x_wconf 89' lang='lat' dir='ltr'>Pontium</span> <span class='ocrx_word' id='word_1_37' title='bbox 1012 623 1274 675; x_wconf 84' lang='lat' dir='ltr'>Cominium,</span> <span class='ocrx_word' id='word_1_38' title='bbox 1317 623 1404 678; x_wconf 84' lang='lat' dir='ltr'>qui,</span> 
     </span>
     <span class='ocr_line' id='line_1_7' title="bbox 57 682 1404 740; baseline -0.007 -7"><span class='ocrx_word' id='word_1_39' title='bbox 57 693 107 732; x_wconf 92' lang='lat' dir='ltr'>ut</span> <span class='ocrx_word' id='word_1_40' title='bbox 125 690 342 732; x_wconf 80' lang='lat' dir='ltr'>stationes</span> <span class='ocrx_word' id='word_1_41' title='bbox 353 687 577 730; x_wconf 80' lang='lat' dir='ltr'>Gallorum</span> <span class='ocrx_word' id='word_1_42' title='bbox 601 686 783 736; x_wconf 82' lang='lat' dir='ltr'>falleret,</span> <span class='ocrx_word' id='word_1_43' title='bbox 812 699 889 740; x_wconf 87' lang='lat' dir='ltr'>per</span> <span class='ocrx_word' id='word_1_44' title='bbox 914 698 1018 726; x_wconf 79' lang='lat' dir='ltr'>saxa</span> <span class='ocrx_word' id='word_1_45' title='bbox 1041 683 1226 738; x_wconf 86' lang='lat' dir='ltr'>Tarpeia</span> <span class='ocrx_word' id='word_1_46' title='bbox 1251 682 1404 725; x_wconf 87' lang='lat' dir='ltr'>demis-</span> 
     </span>
     <span class='ocr_line' id='line_1_8' title="bbox 58 742 1404 800; baseline -0.007 -8"><span class='ocrx_word' id='word_1_47' title='bbox 58 763 132 792; x_wconf 88' lang='lat' dir='ltr'>sus</span> <span class='ocrx_word' id='word_1_48' title='bbox 162 749 336 791; x_wconf 83' lang='lat' dir='ltr'>tranato</span> <span class='ocrx_word' id='word_1_49' title='bbox 366 747 510 789; x_wconf 86' lang='lat' dir='ltr'>Tiberi</span> <span class='ocrx_word' id='word_1_50' title='bbox 540 745 671 788; x_wconf 86' lang='lat' dir='ltr'>Veios</span> <span class='ocrx_word' id='word_1_51' title='bbox 702 744 900 800; x_wconf 86' lang='lat' dir='ltr'>peruenit</span> <span class='ocrx_word' id='word_1_52' title='bbox 930 747 974 785; x_wconf 90' lang='lat' dir='ltr'>et</span> <span class='ocrx_word' id='word_1_53' title='bbox 1004 745 1255 797; x_wconf 85' lang='lat' dir='ltr'>perpetrata</span> <span class='ocrx_word' id='word_1_54' title='bbox 1284 742 1404 798; x_wconf 87' lang='lat' dir='ltr'>lega-</span> 
     </span>
     <span class='ocr_line' id='line_1_9' title="bbox 55 804 789 850; baseline -0.007 1"><span class='ocrx_word' id='word_1_55' title='bbox 55 809 173 850; x_wconf 80' lang='lat' dir='ltr'>tione</span> <span class='ocrx_word' id='word_1_56' title='bbox 205 806 405 850; x_wconf 75' lang='lat' dir='ltr'>similiter</span> <span class='ocrx_word' id='word_1_57' title='bbox 434 804 489 848; x_wconf 83' lang='lat' dir='ltr'>ad</span> <span class='ocrx_word' id='word_1_58' title='bbox 519 819 619 846; x_wconf 88' lang='lat' dir='ltr'>suos</span> <span class='ocrx_word' id='word_1_59' title='bbox 649 804 789 846; x_wconf 85' lang='lat' dir='ltr'>rediit.</span> 
     </span>
    </p>

    <p class='ocr_par' dir='ltr' id='par_1_5' title="bbox 59 860 1406 1098">
     <span class='ocr_line' id='line_1_10' title="bbox 146 860 1403 920; baseline -0.006 -11"><span class='ocrx_word' id='word_1_60' title='bbox 146 867 188 909; x_wconf 83' lang='lat'>2.</span> <span class='ocrx_word' id='word_1_61' title='bbox 225 864 453 920; x_wconf 82' lang='lat' dir='ltr'>Campani,</span> <span class='ocrx_word' id='word_1_62' title='bbox 490 863 715 919; x_wconf 87' lang='lat' dir='ltr'><strong>diligenter</strong></span> <span class='ocrx_word' id='word_1_63' title='bbox 746 861 954 904; x_wconf 87' lang='lat' dir='ltr'>Romanis</span> <span class='ocrx_word' id='word_1_64' title='bbox 989 875 1018 903; x_wconf 78' lang='lat' dir='ltr'>a</span> <span class='ocrx_word' id='word_1_65' title='bbox 1048 860 1204 915; x_wconf 88' lang='lat' dir='ltr'>quibus</span> <span class='ocrx_word' id='word_1_66' title='bbox 1236 860 1403 902; x_wconf 83' lang='lat' dir='ltr'>obsessi</span> 
     </span>
     <span class='ocr_line' id='line_1_11' title="bbox 61 918 1404 978; baseline -0.006 -10"><span class='ocrx_word' id='word_1_67' title='bbox 61 928 185 968; x_wconf 76' lang='lat' dir='ltr'>erant</span> <span class='ocrx_word' id='word_1_68' title='bbox 201 924 420 967; x_wconf 88' lang='lat' dir='ltr'>custodias</span> <span class='ocrx_word' id='word_1_69' title='bbox 448 922 689 978; x_wconf 72' lang='lat' dir='ltr'><strong>agentibus,</strong></span> <span class='ocrx_word' id='word_1_70' title='bbox 720 920 933 976; x_wconf 85' lang='lat' dir='ltr'>quendam</span> <span class='ocrx_word' id='word_1_71' title='bbox 952 934 1032 975; x_wconf 89' lang='lat' dir='ltr'>pro</span> <span class='ocrx_word' id='word_1_72' title='bbox 1050 919 1278 974; x_wconf 83' lang='lat' dir='ltr'>transfuga</span> <span class='ocrx_word' id='word_1_73' title='bbox 1305 918 1404 961; x_wconf 90' lang='lat' dir='ltr'>sub-</span> 
     </span>
     <span class='ocr_line' id='line_1_12' title="bbox 59 978 1404 1036; baseline -0.006 -9"><span class='ocrx_word' id='word_1_74' title='bbox 59 986 259 1027; x_wconf 86' lang='lat' dir='ltr'>ornatum</span> <span class='ocrx_word' id='word_1_75' title='bbox 299 983 531 1036; x_wconf 90' lang='lat' dir='ltr'>miserunt,</span> <span class='ocrx_word' id='word_1_76' title='bbox 574 981 649 1036; x_wconf 90' lang='lat' dir='ltr'>qui</span> <span class='ocrx_word' id='word_1_77' title='bbox 690 980 952 1022; x_wconf 77' lang='lat' dir='ltr'>occultatam</span> <span class='ocrx_word' id='word_1_78' title='bbox 996 978 1142 1021; x_wconf 89' lang='lat' dir='ltr'>balteo</span> <span class='ocrx_word' id='word_1_79' title='bbox 1175 978 1404 1032; x_wconf 78' lang='lat' dir='ltr'>epistulam</span> 
     </span>
     <span class='ocr_line' id='line_1_13' title="bbox 59 1037 1406 1098; baseline -0.004 -13"><span class='ocrx_word' id='word_1_80' title='bbox 59 1043 236 1085; x_wconf 80' lang='lat' dir='ltr'>inuenta</span> <span class='ocrx_word' id='word_1_81' title='bbox 271 1041 505 1098; x_wconf 85' lang='lat' dir='ltr'>effugiendi</span> <span class='ocrx_word' id='word_1_82' title='bbox 543 1040 709 1093; x_wconf 87' lang='lat' dir='ltr'>[causa]</span> <span class='ocrx_word' id='word_1_83' title='bbox 747 1039 974 1081; x_wconf 84' lang='lat' dir='ltr'>occasione</span> <span class='ocrx_word' id='word_1_84' title='bbox 1014 1038 1068 1080; x_wconf 91' lang='lat' dir='ltr'>ad</span> <span class='ocrx_word' id='word_1_85' title='bbox 1105 1037 1275 1080; x_wconf 91' lang='lat' dir='ltr'>Poenos</span> <span class='ocrx_word' id='word_1_86' title='bbox 1311 1051 1406 1092; x_wconf 88' lang='lat' dir='ltr'>per-</span> 
     </span>
    </p>

    <p class='ocr_par' dir='ltr' id='par_1_6' title="bbox 58 1155 1405 1270">
     <span class='ocr_line' id='line_1_14' title="bbox 148 1155 1405 1214; baseline -0.005 -12"><span class='ocrx_word' id='word_1_87' title='bbox 148 1160 207 1214; x_wconf 87' lang='lat'>[3.</span> <span class='ocrx_word' id='word_1_88' title='bbox 228 1158 464 1202; x_wconf 86' lang='lat' dir='ltr'>Venationi</span> <span class='ocrx_word' id='word_1_89' title='bbox 488 1171 656 1213; x_wconf 88' lang='lat' dir='ltr'>quoque</span> <span class='ocrx_word' id='word_1_90' title='bbox 675 1159 719 1199; x_wconf 88' lang='lat' dir='ltr'>et</span> <span class='ocrx_word' id='word_1_91' title='bbox 737 1156 965 1212; x_wconf 86' lang='lat' dir='ltr'>pecoribus</span> <span class='ocrx_word' id='word_1_92' title='bbox 985 1155 1159 1211; x_wconf 89' lang='lat' dir='ltr'>quidam</span> <span class='ocrx_word' id='word_1_93' title='bbox 1178 1155 1405 1197; x_wconf 86' lang='lat' dir='ltr'>insuerunt</span> 
     </span>
     <span class='ocr_line' id='line_1_15' title="bbox 58 1216 949 1270; baseline -0.006 -9"><span class='ocrx_word' id='word_1_94' title='bbox 58 1219 226 1261; x_wconf 85' lang='lat' dir='ltr'>litteras</span> <span class='ocrx_word' id='word_1_95' title='bbox 257 1216 517 1260; x_wconf 80' lang='lat' dir='ltr'>membranis</span> <span class='ocrx_word' id='word_1_96' title='bbox 547 1216 788 1270; x_wconf 83' lang='lat' dir='ltr'>mandatas,</span> <span class='ocrx_word' id='word_1_97' title='bbox 946 1231 949 1234; x_wconf 93' lang='lat'>·</span> 
     </span>
    </p>

    <p class='ocr_par' dir='ltr' id='par_1_7' title="bbox 59 1273 1405 1391">
     <span class='ocr_line' id='line_1_16' title="bbox 146 1273 1405 1332; baseline -0.005 -12"><span class='ocrx_word' id='word_1_98' title='bbox 146 1278 187 1320; x_wconf 83' lang='lat'>4.</span> <span class='ocrx_word' id='word_1_99' title='bbox 230 1276 365 1332; x_wconf 83' lang='lat' dir='ltr'>aliqui</span> <span class='ocrx_word' id='word_1_100' title='bbox 395 1278 439 1318; x_wconf 90' lang='lat' dir='ltr'>et</span> <span class='ocrx_word' id='word_1_101' title='bbox 467 1276 660 1317; x_wconf 87' lang='lat' dir='ltr'>iumento</span> <span class='ocrx_word' id='word_1_102' title='bbox 696 1275 742 1316; x_wconf 92' lang='lat' dir='ltr'>in</span> <span class='ocrx_word' id='word_1_103' title='bbox 785 1289 982 1316; x_wconf 84' lang='lat' dir='ltr'>auersam</span> <span class='ocrx_word' id='word_1_104' title='bbox 1024 1276 1194 1329; x_wconf 86' lang='lat' dir='ltr'>partem</span> <span class='ocrx_word' id='word_1_105' title='bbox 1231 1273 1405 1314; x_wconf 79' lang='lat' dir='ltr'>infulse-</span> 
     </span>
     <span class='ocr_line' id='line_1_17' title="bbox 59 1334 826 1391; baseline -0.007 -12"><span class='ocrx_word' id='word_1_106' title='bbox 59 1339 179 1391; x_wconf 85' lang='lat' dir='ltr'>runt,</span> <span class='ocrx_word' id='word_1_107' title='bbox 209 1336 310 1378; x_wconf 90' lang='lat' dir='ltr'>dum</span> <span class='ocrx_word' id='word_1_108' title='bbox 341 1334 549 1377; x_wconf 86' lang='lat' dir='ltr'>stationes</span> <span class='ocrx_word' id='word_1_109' title='bbox 579 1336 826 1387; x_wconf 83' lang='lat' dir='ltr'>transeunt3</span> 
     </span>
    </p>

    <p class='ocr_par' dir='ltr' id='par_1_8' title="bbox 144 1391 1315 1447">
     <span class='ocr_line' id='line_1_18' title="bbox 144 1391 1315 1447; baseline -0.003 -10"><span class='ocrx_word' id='word_1_110' title='bbox 144 1395 184 1438; x_wconf 83' lang='lat'>5.</span> <span class='ocrx_word' id='word_1_111' title='bbox 219 1394 417 1436; x_wconf 90' lang='lat' dir='ltr'><strong>nonnulli</strong></span> <span class='ocrx_word' id='word_1_112' title='bbox 447 1392 653 1435; x_wconf 88' lang='lat' dir='ltr'>interiora</span> <span class='ocrx_word' id='word_1_113' title='bbox 683 1392 941 1447; x_wconf 84' lang='lat' dir='ltr'>uaginarum</span> <span class='ocrx_word' id='word_1_114' title='bbox 972 1391 1315 1446; x_wconf 67' lang='lat' dir='ltr'>inscripserunt]</span> 
     </span>
    </p>

    <p class='ocr_par' dir='ltr' id='par_1_9' title="bbox 55 1448 1408 1683">
     <span class='ocr_line' id='line_1_19' title="bbox 150 1448 1404 1506; baseline -0.005 -10"><span class='ocrx_word' id='word_1_115' title='bbox 150 1454 192 1496; x_wconf 91' lang='grc'>6.</span> <span class='ocrx_word' id='word_1_116' title='bbox 231 1453 279 1496; x_wconf 87' lang='lat' dir='ltr'>L.</span> <span class='ocrx_word' id='word_1_117' title='bbox 315 1452 533 1506; x_wconf 84' lang='lat' dir='ltr'>Lucullus,</span> <span class='ocrx_word' id='word_1_118' title='bbox 564 1450 798 1506; x_wconf 84' lang='lat' dir='ltr'>Cyzicenos</span> <span class='ocrx_word' id='word_1_119' title='bbox 837 1451 1040 1493; x_wconf 88' lang='lat' dir='ltr'>obsessos</span> <span class='ocrx_word' id='word_1_120' title='bbox 1085 1465 1112 1492; x_wconf 89' lang='lat' dir='ltr'>a</span> <span class='ocrx_word' id='word_1_121' title='bbox 1148 1448 1404 1491; x_wconf 84' lang='lat' dir='ltr'>Mithridate</span> 
     </span>
     <span class='ocr_line' id='line_1_20' title="bbox 62 1507 1405 1563; baseline -0.004 -8"><span class='ocrx_word' id='word_1_122' title='bbox 62 1514 113 1554; x_wconf 88' lang='lat' dir='ltr'>ut</span> <span class='ocrx_word' id='word_1_123' title='bbox 159 1512 365 1554; x_wconf 88' lang='lat' dir='ltr'>certiores</span> <span class='ocrx_word' id='word_1_124' title='bbox 402 1510 628 1553; x_wconf 81' lang='lat' dir='ltr'>aduentus</span> <span class='ocrx_word' id='word_1_125' title='bbox 678 1509 747 1552; x_wconf 91' lang='lat' dir='ltr'>sui</span> <span class='ocrx_word' id='word_1_126' title='bbox 794 1509 976 1560; x_wconf 86' lang='lat' dir='ltr'>faceret,</span> <span class='ocrx_word' id='word_1_127' title='bbox 1030 1524 1128 1551; x_wconf 90' lang='lat' dir='ltr'>cum</span> <span class='ocrx_word' id='word_1_128' title='bbox 1177 1507 1405 1563; x_wconf 87' lang='lat' dir='ltr'>praesidiis</span> 
     </span>
     <span class='ocr_line' id='line_1_21' title="bbox 64 1568 1405 1623; baseline -0.004 -10"><span class='ocrx_word' id='word_1_129' title='bbox 64 1571 255 1613; x_wconf 86' lang='lat' dir='ltr'>hostium</span> <span class='ocrx_word' id='word_1_130' title='bbox 278 1572 497 1612; x_wconf 74' lang='lat' dir='ltr'>teneretur</span> <span class='ocrx_word' id='word_1_131' title='bbox 515 1569 719 1611; x_wconf 89' lang='lat' dir='ltr'>introitus</span> <span class='ocrx_word' id='word_1_132' title='bbox 739 1569 873 1622; x_wconf 86' lang='lat' dir='ltr'>urbis,</span> <span class='ocrx_word' id='word_1_133' title='bbox 897 1568 972 1623; x_wconf 90' lang='lat' dir='ltr'>qui</span> <span class='ocrx_word' id='word_1_134' title='bbox 996 1582 1107 1610; x_wconf 91' lang='lat' dir='ltr'>unus</span> <span class='ocrx_word' id='word_1_135' title='bbox 1128 1570 1170 1609; x_wconf 87' lang='lat' dir='ltr'>et</span> <span class='ocrx_word' id='word_1_136' title='bbox 1196 1570 1405 1623; x_wconf 85' lang='lat' dir='ltr'>angustus</span> 
     </span>
     <span class='ocr_line' id='line_1_22' title="bbox 55 1626 1408 1683; baseline -0.004 -10"><span class='ocrx_word' id='word_1_137' title='bbox 55 1632 195 1683; x_wconf 78' lang='lat' dir='ltr'>‚ponte</span> <span class='ocrx_word' id='word_1_138' title='bbox 238 1629 407 1670; x_wconf 87' lang='lat' dir='ltr'>modico</span> <span class='ocrx_word' id='word_1_139' title='bbox 450 1628 636 1670; x_wconf 84' lang='lat' dir='ltr'>insulam</span> <span class='ocrx_word' id='word_1_140' title='bbox 680 1627 919 1670; x_wconf 89' lang='lat' dir='ltr'>continenti</span> <span class='ocrx_word' id='word_1_141' title='bbox 961 1627 1124 1682; x_wconf 86' lang='lat' dir='ltr'>iungit,</span> <span class='ocrx_word' id='word_1_142' title='bbox 1160 1626 1343 1668; x_wconf 88' lang='lat' dir='ltr'>militem</span> <span class='ocrx_word' id='word_1_143' title='bbox 1386 1640 1408 1667; x_wconf 91' lang='lat' dir='ltr'>e</span> 
     </span>
    </p>
   </div>
   <div class='ocr_carea' id='block_1_5' title="bbox 62 1722 345 1729">
    <p class='ocr_par' dir='ltr' id='par_1_10' title="bbox 62 1722 345 1729">
     <span class='ocr_line' id='line_1_23' title="bbox 62 1722 345 1729; baseline 0 759"><span class='ocrx_word' id='word_1_144' title='bbox 62 1722 345 1729; x_wconf 95' lang='lat' dir='ltr'> </span> 
     </span>
    </p>
   </div>
   <div class='ocr_carea' id='block_1_6' title="bbox 58 1775 1412 2006">
    <p class='ocr_par' dir='ltr' id='par_1_11' title="bbox 124 1775 1405 1822">
     <span class='ocr_line' id='line_1_24' title="bbox 124 1775 1405 1822; baseline -0.002 -8"><span class='ocrx_word' id='word_1_145' title='bbox 124 1796 130 1800; x_wconf 83' lang='lat'><strong>·</strong></span> <span class='ocrx_word' id='word_1_146' title='bbox 160 1782 180 1813; x_wconf 89' lang='lat'>1</span> <span class='ocrx_word' id='word_1_147' title='bbox 206 1789 359 1814; x_wconf 81' lang='lat' dir='ltr'>saeuum</span> <span class='ocrx_word' id='word_1_148' title='bbox 384 1788 428 1813; x_wconf 76' lang='lat' dir='ltr'>ex</span> <span class='ocrx_word' id='word_1_149' title='bbox 452 1788 603 1813; x_wconf 86' lang='lat' dir='ltr'>saeuom</span> <span class='ocrx_word' id='word_1_150' title='bbox 633 1777 831 1812; x_wconf 59' lang='lat' dir='ltr'>correxerit</span> <span class='ocrx_word' id='word_1_151' title='bbox 859 1777 943 1822; x_wconf 80' lang='lat' dir='ltr'>ipsa</span> <span class='ocrx_word' id='word_1_152' title='bbox 967 1775 1028 1811; x_wconf 87' lang='lat' dir='ltr'>H¹</span> <span class='ocrx_word' id='word_1_153' title='bbox 1052 1788 1103 1811; x_wconf 81' lang='lat' dir='ltr'>an</span> <span class='ocrx_word' id='word_1_154' title='bbox 1126 1777 1171 1819; x_wconf 79' lang='lat' dir='ltr'>h,</span> <span class='ocrx_word' id='word_1_155' title='bbox 1194 1777 1373 1811; x_wconf 78' lang='lat' dir='ltr'>incertum</span> <span class='ocrx_word' id='word_1_156' title='bbox 1401 1776 1405 1822; x_wconf 75' lang='grc' dir='ltr'>Ι</span> 
     </span>
    </p>

    <p class='ocr_par' dir='ltr' id='par_1_12' title="bbox 58 1820 1411 1919">
     <span class='ocr_line' id='line_1_25' title="bbox 64 1820 1411 1871; baseline -0.002 -9"><span class='ocrx_word' id='word_1_157' title='bbox 64 1830 86 1862; x_wconf 79' lang='grc'>3</span> <span class='ocrx_word' id='word_1_158' title='bbox 110 1827 309 1871; x_wconf 66' lang='lat' dir='ltr'>amplum</span> <span class='ocrx_word' id='word_1_159' title='bbox 333 1826 511 1860; x_wconf 76' lang='lat' dir='ltr'>alienum.-</span> <span class='ocrx_word' id='word_1_160' title='bbox 541 1825 588 1867; x_wconf 78' lang='lat' dir='ltr'>cf.</span> <span class='ocrx_word' id='word_1_161' title='bbox 608 1825 728 1869; x_wconf 79' lang='lat' dir='ltr'>praef.</span> <span class='ocrx_word' id='word_1_162' title='bbox 754 1823 781 1869; x_wconf 63' lang='grc' dir='ltr'>,ξ</span> <span class='ocrx_word' id='word_1_163' title='bbox 806 1826 830 1858; x_wconf 89' lang='lat'><em>9</em></span> <span class='ocrx_word' id='word_1_164' title='bbox 836 1837 849 1865; x_wconf 94' lang='lat'><em>;</em></span> <span class='ocrx_word' id='word_1_165' title='bbox 879 1824 1082 1869; x_wconf 75' lang='lat' dir='ltr'>insequenti</span> <span class='ocrx_word' id='word_1_166' title='bbox 1104 1820 1146 1859; x_wconf 68' lang='lat' dir='ltr'>id</span> <span class='ocrx_word' id='word_1_167' title='bbox 1169 1824 1286 1868; x_wconf 71' lang='lat' dir='ltr'>capiti</span> <span class='ocrx_word' id='word_1_168' title='bbox 1307 1824 1411 1859; x_wconf 76' lang='lat' dir='ltr'>uelut</span> 
     </span>
     <span class='ocr_line' id='line_1_26' title="bbox 58 1870 1285 1919; baseline -0.003 -10"><span class='ocrx_word' id='word_1_169' title='bbox 58 1875 222 1919; x_wconf 76' lang='lat' dir='ltr'>primum</span> <span class='ocrx_word' id='word_1_170' title='bbox 246 1873 445 1918; x_wconf 74' lang='lat' dir='ltr'>exemplum</span> <span class='ocrx_word' id='word_1_171' title='bbox 469 1872 599 1907; x_wconf 83' lang='lat' dir='ltr'>tribuit</span> <span class='ocrx_word' id='word_1_172' title='bbox 625 1871 681 1905; x_wconf 83' lang='lat' dir='ltr'>H¹</span> <span class='ocrx_word' id='word_1_173' title='bbox 702 1874 707 1913; x_wconf 91' lang='grc' dir='ltr'>Ι</span> <span class='ocrx_word' id='word_1_174' title='bbox 734 1870 1003 1914; x_wconf 83' lang='lat' dir='ltr'>Epiminondas</span> <span class='ocrx_word' id='word_1_175' title='bbox 1027 1871 1214 1906; x_wconf 85' lang='lat' dir='ltr'>thabanus</span> <span class='ocrx_word' id='word_1_176' title='bbox 1239 1871 1285 1905; x_wconf 89' lang='lat' dir='ltr'><strong><em>H</em></strong></span> 
     </span>
    </p>

    <p class='ocr_par' dir='ltr' id='par_1_13' title="bbox 159 1917 1406 1963">
     <span class='ocr_line' id='line_1_27' title="bbox 159 1917 1406 1963; baseline -0.001 -8"><span class='ocrx_word' id='word_1_177' title='bbox 159 1924 180 1955; x_wconf 85' lang='lat'><strong>5</strong></span> <span class='ocrx_word' id='word_1_178' title='bbox 205 1920 343 1955; x_wconf 82' lang='lat' dir='ltr'>auxilio</span> <span class='ocrx_word' id='word_1_179' title='bbox 361 1929 428 1954; x_wconf 79' lang='lat' dir='ltr'>nos</span> <span class='ocrx_word' id='word_1_180' title='bbox 446 1919 494 1954; x_wconf 91' lang='lat' dir='ltr'>ab</span> <span class='ocrx_word' id='word_1_181' title='bbox 514 1917 625 1953; x_wconf 85' lang='lat' dir='ltr'>exilio</span> <span class='ocrx_word' id='word_1_182' title='bbox 641 1917 724 1952; x_wconf 89' lang='grc' dir='ltr'>ΗΡ</span> <span class='ocrx_word' id='word_1_183' title='bbox 745 1917 795 1952; x_wconf 89' lang='lat' dir='ltr'>ad</span> <span class='ocrx_word' id='word_1_184' title='bbox 813 1917 994 1952; x_wconf 82' lang='lat' dir='ltr'>auxilium</span> <span class='ocrx_word' id='word_1_185' title='bbox 1011 1918 1037 1953; x_wconf 80' lang='lat' dir='ltr'><strong><em>d</em></strong></span> <span class='ocrx_word' id='word_1_186' title='bbox 1061 1917 1227 1953; x_wconf 84' lang='lat' dir='ltr'>exsulem</span> <span class='ocrx_word' id='word_1_187' title='bbox 1246 1918 1381 1954; x_wconf 83' lang='lat' dir='ltr'>Hartez</span> <span class='ocrx_word' id='word_1_188' title='bbox 1402 1918 1406 1963; x_wconf 86' lang='grc' dir='ltr'>Ι</span> 
     </span>
    </p>

    <p class='ocr_par' dir='ltr' id='par_1_14' title="bbox 64 1964 1412 2006">
     <span class='ocr_line' id='line_1_28' title="bbox 64 1964 1412 2006; baseline -0.002 -3"><span class='ocrx_word' id='word_1_189' title='bbox 64 1967 112 2002; x_wconf 82' lang='lat' dir='ltr'>ad</span> <span class='ocrx_word' id='word_1_190' title='bbox 138 1965 288 2003; x_wconf 75' lang='lat' dir='ltr'>Camilli</span> <span class='ocrx_word' id='word_1_191' title='bbox 312 1965 490 2002; x_wconf 81' lang='lat' dir='ltr'>auxilium</span> <span class='ocrx_word' id='word_1_192' title='bbox 516 1965 564 2000; x_wconf 91' lang='lat' dir='ltr'>ab</span> <span class='ocrx_word' id='word_1_193' title='bbox 591 1964 721 2000; x_wconf 81' lang='lat' dir='ltr'>exsilio</span> <span class='ocrx_word' id='word_1_194' title='bbox 746 1965 840 2000; x_wconf 77' lang='lat' dir='ltr'>Ded.</span> <span class='ocrx_word' id='word_1_195' title='bbox 868 1966 873 2006; x_wconf 82' lang='grc' dir='ltr'>Ι</span> <span class='ocrx_word' id='word_1_196' title='bbox 901 1968 922 2000; x_wconf 87' lang='grc'><strong>6</strong></span> <span class='ocrx_word' id='word_1_197' title='bbox 948 1964 1149 2000; x_wconf 87' lang='lat' dir='ltr'>cominium</span> <span class='ocrx_word' id='word_1_198' title='bbox 1173 1966 1199 2001; x_wconf 78' lang='lat' dir='ltr'><strong><em>d</em></strong></span> <span class='ocrx_word' id='word_1_199' title='bbox 1223 1965 1412 2001; x_wconf 84' lang='lat' dir='ltr'>cominum</span> 
     </span>
    </p>
   </div>
   <div class='ocr_carea' id='block_1_7' title="bbox 0 2011 1411 2058">
    <p class='ocr_par' dir='ltr' id='par_1_15' title="bbox 0 2011 1411 2058">
     <span class='ocr_line' id='line_1_29' title="bbox 0 2011 1411 2058; baseline -0.001 -9"><span class='ocrx_word' id='word_1_200' title='bbox 0 2018 1 2022; x_wconf 78' lang='grc'>’</span> <span class='ocrx_word' id='word_1_201' title='bbox 66 2013 203 2049; x_wconf 85' lang='lat' dir='ltr'><strong><em>GHP:</em></strong></span> <span class='ocrx_word' id='word_1_202' title='bbox 220 2013 266 2057; x_wconf 81' lang='lat' dir='ltr'>ef.</span> <span class='ocrx_word' id='word_1_203' title='bbox 279 2014 366 2049; x_wconf 74' lang='lat' dir='ltr'>Liu.</span> <span class='ocrx_word' id='word_1_204' title='bbox 380 2017 416 2057; x_wconf 88' lang='lat'>5,</span> <span class='ocrx_word' id='word_1_205' title='bbox 429 2016 488 2054; x_wconf 74' lang='lat'>46,</span> <span class='ocrx_word' id='word_1_206' title='bbox 499 2015 524 2048; x_wconf 84' lang='lat'><em>8</em></span> <span class='ocrx_word' id='word_1_207' title='bbox 545 2015 550 2058; x_wconf 89' lang='grc' dir='ltr'>Ι</span> <span class='ocrx_word' id='word_1_208' title='bbox 574 2016 593 2047; x_wconf 79' lang='grc'>7</span> <span class='ocrx_word' id='word_1_209' title='bbox 608 2011 788 2047; x_wconf 77' lang='lat' dir='ltr'>demissus</span> <span class='ocrx_word' id='word_1_210' title='bbox 801 2012 879 2047; x_wconf 81' lang='lat' dir='ltr'>edd.</span> <span class='ocrx_word' id='word_1_211' title='bbox 905 2011 1079 2047; x_wconf 85' lang='lat' dir='ltr'>dimissus</span> <span class='ocrx_word' id='word_1_212' title='bbox 1092 2012 1139 2047; x_wconf 92' lang='lat' dir='ltr'><strong><em>H</em></strong></span> <span class='ocrx_word' id='word_1_213' title='bbox 1145 2012 1181 2046; x_wconf 90' lang='lat' dir='ltr'><strong><em>P</em></strong></span> <span class='ocrx_word' id='word_1_214' title='bbox 1198 2014 1206 2055; x_wconf 84' lang='grc' dir='ltr'>Ι</span> <span class='ocrx_word' id='word_1_215' title='bbox 1228 2017 1270 2047; x_wconf 93' lang='grc'>11</span> <span class='ocrx_word' id='word_1_216' title='bbox 1291 2016 1411 2047; x_wconf 82' lang='lat' dir='ltr'>trans-</span> 
     </span>
    </p>
   </div>
   <div class='ocr_carea' id='block_1_8' title="bbox 63 2058 1418 2388">
    <p class='ocr_par' dir='ltr' id='par_1_16' title="bbox 63 2058 1418 2388">
     <span class='ocr_line' id='line_1_30' title="bbox 63 2058 1412 2105; baseline -0.001 -10"><span class='ocrx_word' id='word_1_217' title='bbox 63 2060 174 2105; x_wconf 80' lang='lat' dir='ltr'>fugas</span> <span class='ocrx_word' id='word_1_218' title='bbox 198 2059 419 2105; x_wconf 74' lang='lat' dir='ltr'>(transfugis</span> <span class='ocrx_word' id='word_1_219' title='bbox 437 2061 477 2103; x_wconf 77' lang='lat' dir='ltr'>h)</span> <span class='ocrx_word' id='word_1_220' title='bbox 504 2059 725 2095; x_wconf 91' lang='lat' dir='ltr'>obornatum</span> <span class='ocrx_word' id='word_1_221' title='bbox 745 2058 792 2093; x_wconf 90' lang='lat' dir='ltr'><strong><em>H</em></strong></span> <span class='ocrx_word' id='word_1_222' title='bbox 819 2060 826 2102; x_wconf 86' lang='grc' dir='ltr'>Ι</span> <span class='ocrx_word' id='word_1_223' title='bbox 861 2062 904 2094; x_wconf 81' lang='grc'>12</span> <span class='ocrx_word' id='word_1_224' title='bbox 929 2058 1126 2104; x_wconf 73' lang='lat' dir='ltr'>epistolam</span> <span class='ocrx_word' id='word_1_225' title='bbox 1148 2060 1195 2094; x_wconf 90' lang='lat' dir='ltr'><strong><em>H</em></strong></span> <span class='ocrx_word' id='word_1_226' title='bbox 1211 2061 1218 2104; x_wconf 92' lang='grc' dir='ltr'>Ι</span> <span class='ocrx_word' id='word_1_227' title='bbox 1247 2063 1290 2094; x_wconf 90' lang='grc'>13</span> <span class='ocrx_word' id='word_1_228' title='bbox 1316 2058 1412 2094; x_wconf 81' lang='lat' dir='ltr'>etfa-</span> 
     </span>
     <span class='ocr_line' id='line_1_31' title="bbox 65 2106 1412 2152; baseline -0.001 -10"><span class='ocrx_word' id='word_1_229' title='bbox 65 2107 193 2152; x_wconf 83' lang='lat' dir='ltr'>giendi</span> <span class='ocrx_word' id='word_1_230' title='bbox 210 2106 257 2142; x_wconf 88' lang='lat' dir='ltr'><strong><em>H</em></strong></span> <span class='ocrx_word' id='word_1_231' title='bbox 279 2109 285 2150; x_wconf 90' lang='grc' dir='ltr'>Ι</span> <span class='ocrx_word' id='word_1_232' title='bbox 312 2117 423 2143; x_wconf 79' lang='lat' dir='ltr'>eausa</span> <span class='ocrx_word' id='word_1_233' title='bbox 441 2107 487 2142; x_wconf 89' lang='lat' dir='ltr'><em>H</em></span> <span class='ocrx_word' id='word_1_234' title='bbox 513 2117 646 2141; x_wconf 85' lang='lat' dir='ltr'>causae</span> <span class='ocrx_word' id='word_1_235' title='bbox 670 2106 716 2148; x_wconf 86' lang='lat' dir='ltr'>P,</span> <span class='ocrx_word' id='word_1_236' title='bbox 741 2106 858 2141; x_wconf 76' lang='lat' dir='ltr'>delent</span> <span class='ocrx_word' id='word_1_237' title='bbox 881 2107 960 2142; x_wconf 83' lang='lat' dir='ltr'>edd.</span> <span class='ocrx_word' id='word_1_238' title='bbox 985 2116 1006 2140; x_wconf 91' lang='lat' dir='ltr'>e</span> <span class='ocrx_word' id='word_1_239' title='bbox 1030 2106 1160 2142; x_wconf 82' lang='lat' dir='ltr'>castris</span> <span class='ocrx_word' id='word_1_240' title='bbox 1188 2106 1281 2141; x_wconf 80' lang='lat' dir='ltr'>Oud.</span> <span class='ocrx_word' id='word_1_241' title='bbox 1314 2106 1412 2140; x_wconf 86' lang='lat' dir='ltr'>olam</span> 
     </span>
     <span class='ocr_line' id='line_1_32' title="bbox 66 2153 1414 2199; baseline -0.001 -10"><span class='ocrx_word' id='word_1_242' title='bbox 66 2154 199 2189; x_wconf 71' lang='lat' dir='ltr'>Hartet</span> <span class='ocrx_word' id='word_1_243' title='bbox 219 2154 226 2199; x_wconf 90' lang='grc' dir='ltr'>Ι</span> <span class='ocrx_word' id='word_1_244' title='bbox 248 2157 292 2189; x_wconf 84' lang='grc'>15</span> <span class='ocrx_word' id='word_1_245' title='bbox 312 2155 472 2199; x_wconf 62' lang='lat' dir='ltr'>externplo</span> <span class='ocrx_word' id='word_1_246' title='bbox 490 2157 585 2189; x_wconf 89' lang='lat'>3—5</span> <span class='ocrx_word' id='word_1_247' title='bbox 610 2154 734 2188; x_wconf 79' lang='lat' dir='ltr'>aliena</span> <span class='ocrx_word' id='word_1_248' title='bbox 751 2155 855 2188; x_wconf 80' lang='lat' dir='ltr'>sunt.-</span> <span class='ocrx_word' id='word_1_249' title='bbox 878 2154 925 2197; x_wconf 59' lang='grc' dir='ltr'>οἱ.</span> <span class='ocrx_word' id='word_1_250' title='bbox 938 2154 1061 2199; x_wconf 77' lang='lat' dir='ltr'>praef.</span> <span class='ocrx_word' id='word_1_251' title='bbox 1080 2153 1108 2199; x_wconf 61' lang='grc' dir='ltr'><em>ἕ</em></span> <span class='ocrx_word' id='word_1_252' title='bbox 1128 2156 1170 2197; x_wconf 82' lang='grc'>9,·</span> <span class='ocrx_word' id='word_1_253' title='bbox 1193 2154 1298 2188; x_wconf 77' lang='lat' dir='ltr'>nulla</span> <span class='ocrx_word' id='word_1_254' title='bbox 1317 2154 1414 2188; x_wconf 69' lang='lat' dir='ltr'>inter</span> 
     </span>
     <span class='ocr_line' id='line_1_33' title="bbox 66 2199 1413 2246; baseline -0.001 -10"><span class='ocrx_word' id='word_1_255' title='bbox 66 2212 110 2237; x_wconf 79' lang='lat' dir='ltr'>ea</span> <span class='ocrx_word' id='word_1_256' title='bbox 128 2201 314 2236; x_wconf 75' lang='lat' dir='ltr'>distinctio</span> <span class='ocrx_word' id='word_1_257' title='bbox 336 2202 379 2236; x_wconf 78' lang='lat' dir='ltr'>in</span> <span class='ocrx_word' id='word_1_258' title='bbox 397 2201 443 2236; x_wconf 90' lang='lat' dir='ltr'><strong><em>H</em></strong></span> <span class='ocrx_word' id='word_1_259' title='bbox 459 2203 466 2245; x_wconf 85' lang='grc' dir='ltr'>Ι</span> <span class='ocrx_word' id='word_1_260' title='bbox 491 2200 690 2236; x_wconf 82' lang='lat' dir='ltr'>uenatione</span> <span class='ocrx_word' id='word_1_261' title='bbox 709 2199 756 2235; x_wconf 90' lang='lat' dir='ltr'><strong><em>H</em></strong></span> <span class='ocrx_word' id='word_1_262' title='bbox 761 2199 807 2243; x_wconf 88' lang='lat' dir='ltr'>P,</span> <span class='ocrx_word' id='word_1_263' title='bbox 830 2210 922 2235; x_wconf 80' lang='lat' dir='ltr'>corr.</span> <span class='ocrx_word' id='word_1_264' title='bbox 948 2201 973 2236; x_wconf 82' lang='lat' dir='ltr'><em>d</em></span> <span class='ocrx_word' id='word_1_265' title='bbox 993 2202 999 2246; x_wconf 86' lang='grc' dir='ltr'>Ι</span> <span class='ocrx_word' id='word_1_266' title='bbox 1027 2199 1261 2236; x_wconf 82' lang='lat' dir='ltr'>inseruerunt</span> <span class='ocrx_word' id='word_1_267' title='bbox 1285 2201 1310 2235; x_wconf 80' lang='lat' dir='ltr'><strong><em>d</em></strong></span> <span class='ocrx_word' id='word_1_268' title='bbox 1330 2201 1336 2244; x_wconf 89' lang='grc' dir='ltr'>Ι</span> <span class='ocrx_word' id='word_1_269' title='bbox 1370 2203 1413 2234; x_wconf 85' lang='grc'>16</span> 
     </span>
     <span class='ocr_line' id='line_1_34' title="bbox 67 2246 1418 2293; baseline -0.001 -10"><span class='ocrx_word' id='word_1_270' title='bbox 67 2247 254 2283; x_wconf 80' lang='lat' dir='ltr'>mandatis</span> <span class='ocrx_word' id='word_1_271' title='bbox 277 2247 337 2283; x_wconf 85' lang='lat' dir='ltr'>H¹</span> <span class='ocrx_word' id='word_1_272' title='bbox 368 2249 376 2293; x_wconf 93' lang='grc'>1</span> <span class='ocrx_word' id='word_1_273' title='bbox 410 2251 453 2283; x_wconf 80' lang='grc'>17</span> <span class='ocrx_word' id='word_1_274' title='bbox 485 2246 628 2292; x_wconf 81' lang='lat' dir='ltr'>aliquid</span> <span class='ocrx_word' id='word_1_275' title='bbox 655 2246 701 2282; x_wconf 93' lang='lat' dir='ltr'><strong><em>H</em></strong></span> <span class='ocrx_word' id='word_1_276' title='bbox 735 2252 741 2287; x_wconf 87' lang='grc' dir='ltr'>Ι</span> <span class='ocrx_word' id='word_1_277' title='bbox 779 2246 946 2282; x_wconf 91' lang='lat' dir='ltr'>iumento</span> <span class='ocrx_word' id='word_1_278' title='bbox 971 2247 1075 2283; x_wconf 83' lang='lat' dir='ltr'>Stew.</span> <span class='ocrx_word' id='word_1_279' title='bbox 1101 2248 1309 2282; x_wconf 83' lang='lat' dir='ltr'>iumentum</span> <span class='ocrx_word' id='word_1_280' title='bbox 1333 2246 1418 2282; x_wconf 89' lang='grc' dir='ltr'>ΗΡ</span> 
     </span>
     <span class='ocr_line' id='line_1_35' title="bbox 66 2293 1414 2339; baseline -0.001 -10"><span class='ocrx_word' id='word_1_281' title='bbox 66 2293 315 2329; x_wconf 84' lang='lat' dir='ltr'>iumentorum</span> <span class='ocrx_word' id='word_1_282' title='bbox 330 2295 422 2330; x_wconf 81' lang='lat' dir='ltr'>Ded.</span> <span class='ocrx_word' id='word_1_283' title='bbox 446 2297 452 2339; x_wconf 88' lang='grc' dir='ltr'>Ι</span> <span class='ocrx_word' id='word_1_284' title='bbox 474 2305 642 2330; x_wconf 84' lang='lat' dir='ltr'>auersam</span> <span class='ocrx_word' id='word_1_285' title='bbox 660 2295 686 2329; x_wconf 80' lang='lat' dir='ltr'><strong><em>d</em></strong></span> <span class='ocrx_word' id='word_1_286' title='bbox 710 2294 940 2329; x_wconf 82' lang='lat' dir='ltr'>auersumH</span> <span class='ocrx_word' id='word_1_287' title='bbox 960 2295 1155 2330; x_wconf 85' lang='lat' dir='ltr'>aduersam</span> <span class='ocrx_word' id='word_1_288' title='bbox 1169 2295 1229 2339; x_wconf 88' lang='grc' dir='ltr'>ΡΙ</span> <span class='ocrx_word' id='word_1_289' title='bbox 1250 2298 1296 2329; x_wconf 81' lang='lat'>20</span> <span class='ocrx_word' id='word_1_290' title='bbox 1316 2295 1414 2339; x_wconf 83' lang='lat' dir='ltr'>cyzi-</span> 
     </span>
     <span class='ocr_line' id='line_1_36' title="bbox 71 2340 807 2388; baseline -0.001 -12"><span class='ocrx_word' id='word_1_291' title='bbox 71 2351 202 2377; x_wconf 80' lang='lat' dir='ltr'>ceneos</span> <span class='ocrx_word' id='word_1_292' title='bbox 227 2341 287 2376; x_wconf 65' lang='grc' dir='ltr'>ΗἸ</span> <span class='ocrx_word' id='word_1_293' title='bbox 318 2343 325 2386; x_wconf 81' lang='grc'>1</span> <span class='ocrx_word' id='word_1_294' title='bbox 355 2345 400 2376; x_wconf 84' lang='lat'>23</span> <span class='ocrx_word' id='word_1_295' title='bbox 425 2341 556 2388; x_wconf 82' lang='lat' dir='ltr'>ponte]</span> <span class='ocrx_word' id='word_1_296' title='bbox 581 2342 734 2386; x_wconf 74' lang='lat' dir='ltr'>potente</span> <span class='ocrx_word' id='word_1_297' title='bbox 759 2340 807 2376; x_wconf 88' lang='lat' dir='ltr'><strong><em>H</em></strong></span> 
     </span>
    </p>
   </div>
   <div class='ocr_carea' id='block_1_9' title="bbox 1430 870 1474 902">
    <p class='ocr_par' dir='ltr' id='par_1_17' title="bbox 1430 870 1474 902">
     <span class='ocr_line' id='line_1_37' title="bbox 1430 870 1474 902; baseline 0.023 -1"><span class='ocrx_word' id='word_1_298' title='bbox 1430 870 1474 902; x_wconf 80' lang='lat'>10</span> 
     </span>
    </p>
   </div>
   <div class='ocr_carea' id='block_1_10' title="bbox 1433 1165 1476 1198">
    <p class='ocr_par' dir='ltr' id='par_1_18' title="bbox 1433 1165 1476 1198">
     <span class='ocr_line' id='line_1_38' title="bbox 1433 1165 1476 1198; baseline 0.023 -1"><span class='ocrx_word' id='word_1_299' title='bbox 1433 1165 1476 1198; x_wconf 81' lang='lat'>15</span> 
     </span>
    </p>
   </div>
   <div class='ocr_carea' id='block_1_11' title="bbox 1431 1460 1476 1492">
    <p class='ocr_par' dir='ltr' id='par_1_19' title="bbox 1431 1460 1476 1492">
     <span class='ocr_line' id='line_1_39' title="bbox 1431 1460 1476 1492; baseline 0.022 -1"><span class='ocrx_word' id='word_1_300' title='bbox 1431 1460 1476 1492; x_wconf 83' lang='lat'>20</span> 
     </span>
    </p>
   </div>
  </div>
 </body>
</html>
