1612 2488
556 78 703 115 LIBER
726 77 773 115 11.
811 78 912 116 CAP.
940 83 974 116 9.
1389 81 1445 123 81

95 187 291 231 insidias.
339 201 522 244 quarum
552 189 670 229 metu
699 187 764 229 illi
796 188 1223 241 [conJeontinuerunt
1255 202 1300 231 se
1331 188 1448 232 intra

97 249 256 289 castra:
288 244 592 289 Hermocrates
624 245 821 288 detentos
854 261 926 289 eos
959 250 1133 302 postero
1163 247 1231 290 die
1261 247 1446 292 habilio-

95 305 215 348 ribus
244 305 334 348 iam
366 304 455 347 suis
486 304 668 347 tradidit
698 304 944 360 bellumque
976 306 1172 349 confecit.

186 364 226 407 8.
256 363 488 419 Miltiades,
512 378 609 406 cum
633 364 856 420 ingentem
874 364 1104 407 Persarum
1123 365 1447 408 multitudinem

98 422 212 478 apud
248 421 510 465 Marathona
544 422 746 478 fudisset,
784 423 1068 466 Athenienses
1108 424 1221 467 circa
1257 425 1447 480 gratula-
1472 437 1494 468 5

98 482 265 524 tionem
289 481 497 524 morantis
517 481 738 538 compulit,
760 484 810 524 ut
834 481 1095 525 festinarent
1121 483 1175 525 ad
1200 497 1325 539 opem
1350 483 1449 526 urbi

98 539 340 596 ferendam,
381 548 510 596 quam
553 539 705 583 classis
750 539 980 584 Persarum
1023 542 1218 597 petebat:
1268 556 1449 598 cumque

98 598 462 654 praecucurrisset
497 598 787 654 inplessetque
831 601 1004 643 moenia
1040 602 1236 656 armatis,
1281 601 1448 655 Persae,

97 658 184 700 rati
231 657 452 714 ingentem
498 672 723 700 numerum
765 673 858 701 esse
900 658 1232 702 Atheniensium
1276 663 1320 702 et
1362 661 1448 703 alio

96 716 236 759 milite
273 716 387 771 apud
422 715 683 760 Marathona
717 719 976 774 pugnatum,
1020 718 1153 761 alium
1196 733 1275 774 pro
1313 720 1447 762 muris
1476 732 1520 764 10

97 775 188 818 suis
238 775 422 830 opponi,
471 775 744 818 circumactis
795 777 1010 833 extemplo
1059 778 1244 820 nauibus
1293 778 1449 821 Asiam

97 833 375 889 repetierunt.

189 893 229 934 9.
269 891 524 935 Pisistratus
555 892 854 948 Atheniensis,
891 908 989 936 cum
1028 895 1267 950 excepisset
1302 894 1448 951 Mega-

98 952 290 993 rensium
327 951 528 1007 classem,
565 966 651 1007 qua
680 952 746 994 illi
778 952 831 994 ad
861 951 1039 995 Eleusin
1068 956 1202 996 noctu
1233 954 1448 1010 adplicue-

99 1011 217 1064 rant,
246 1011 296 1051 ut
326 1012 526 1065 operatas
552 1008 720 1053 Cereris
753 1025 875 1054 sacro
906 1011 1091 1054 feminas
1116 1013 1450 1056 Atheniensium
1476 1025 1520 1058 15

99 1069 324 1123 raperent,
366 1082 606 1125 magnaque
651 1069 768 1111 edita
810 1070 938 1113 caede
982 1085 1129 1114 eorum
1172 1072 1290 1114 ultus
1335 1074 1450 1115 esset

102 1141 222 1180 suOS,
259 1126 410 1169 eadem
447 1141 556 1183 quae
593 1131 767 1184 ceperat
802 1130 980 1185 nauigia
1016 1128 1275 1173 Atheniensi
1311 1131 1450 1174 milite

99 1185 351 1242 compleuit,
389 1186 645 1241 quibusdam
675 1188 885 1230 matronis
916 1188 1071 1232 habitu
1102 1190 1371 1245 captiuarum
1402 1191 1451 1233 in

100 1247 332 1300 conspectu
362 1245 537 1288 locatis:
578 1260 663 1301 qua
692 1246 802 1289 facie
835 1247 1002 1302 decepti
1032 1247 1308 1304 Megarenses
1340 1252 1450 1292 tam-

102 1317 231 1358 quam
261 1303 350 1345 suis
377 1306 420 1345 et
445 1318 541 1346 cum
567 1318 766 1347 successu
789 1306 1145 1362 renauigantibus
1173 1308 1304 1350 effuse
1330 1308 1449 1350 obuii
1474 1320 1519 1352 20

101 1361 371 1416 inermesque
402 1376 549 1404 rursus
581 1364 776 1418 oppressi
806 1367 918 1407 sunt.

193 1421 258 1463 10.
300 1418 453 1463 Cimon
483 1421 568 1463 dux
598 1422 948 1479 Atheniensium,
985 1424 1102 1466 uicta
1133 1424 1269 1467 classe
1299 1424 1448 1468 Persa-

99 1489 196 1521 rum
221 1478 334 1534 apud
359 1479 545 1522 insulam
571 1479 762 1536 Cypron,
790 1482 950 1524 milites
977 1498 1077 1526 suos
1104 1484 1289 1538 captiuis
1316 1485 1448 1527 armis

100 1537 243 1580 induit
273 1540 317 1580 et
346 1537 507 1580 eisdem
532 1539 815 1582 barbarorum
843 1541 1027 1584 nauibus
1054 1542 1108 1584 ad
1131 1542 1305 1585 hostem
1330 1543 1449 1586 naui·

101 1595 224 1650 gauit
251 1596 298 1638 in
322 1595 621 1652 Pamphyliam
647 1598 760 1653 apud
790 1599 950 1642 flumen
973 1600 1312 1655 Eurymedonta.
1353 1601 1450 1643 Per·
1474 1613 1519 1645 25

56 1671 61 1674 ¹
103 1667 193 1704 sae,
228 1654 301 1708 qui
332 1657 376 1695 et
405 1656 583 1710 nauigia
614 1659 658 1698 et
688 1657 886 1699 habitum
918 1660 1255 1714 superstantium
1288 1660 1449 1715 adgno-

103 1715 288 1767 scerent,
317 1712 426 1754 nihil
457 1718 678 1756 cauerunt:
711 1716 856 1758 subito
887 1717 1034 1772 itaque
1063 1719 1259 1777 oppressi
1297 1718 1448 1762 eodem

102 1770 171 1813 die
202 1773 245 1812 et
273 1771 418 1813 nauali
449 1774 492 1814 et
522 1773 710 1827 pedestri
740 1774 905 1829 proelio
936 1776 1043 1818 uicti
1074 1779 1186 1819 sunt.

196 1891 214 1921 1
242 1897 313 1922 con
331 1887 377 1922 H
398 1897 482 1922 cum
504 1888 550 1932 P,
575 1888 641 1923 del.
657 1889 817 1925 Hedicke
838 1891 843 1934 1
864 1891 977 1926 uerba
1002 1891 1264 1927 continuerunt
1285 1913 1328 1919 —-
1347 1892 1443 1929 uicti

101 1935 188 1969 sunt
213 1938 264 1978 (p.
288 1936 354 1977 81,
378 1935 447 1978 28)
476 1935 518 1970 in
547 1936 785 1981 editionibus,
810 1941 851 1972 ut
875 1938 917 1972 in
941 1939 1142 1983 codicibus,
1167 1940 1380 1976 exhibentur
1414 1944 1448 1985 4,

101 1984 138 2023 ¹7,
162 1982 326 2016 42—45:
353 1981 438 2022 huic
462 1982 578 2027 capiti
602 1994 643 2017 ea
667 1984 826 2018 restituit
843 1983 1017 2029 Hedicke,
1042 1987 1088 2031 cf.
1101 1987 1222 2031 praef.
1242 1987 1270 2033 5
1288 1991 1309 2022 1
1334 1990 1338 2029 Ι
1361 1999 1448 2023 con-

100 2026 265 2062 tinerent
289 2027 349 2072 ΡΙ
370 2027 410 2063 in
440 2028 496 2063 H'
521 2032 525 2072 Ι
548 2033 570 2063 4
595 2028 788 2066 Milciades
813 2031 902 2066 ΗΡ
921 2033 926 2075 Ι
948 2036 970 2067 5
992 2034 1215 2069 marothona
1241 2034 1287 2069 H
1303 2036 1309 2078 Ι
1331 2039 1352 2070 6
1371 2045 1448 2070 mo-

100 2074 226 2108 rantes
244 2074 268 2109 h
289 2076 294 2118 Ι
317 2078 337 2109 7
357 2074 547 2111 ferendum
566 2076 611 2111 H
614 2076 624 2095 ¹
646 2078 651 2120 Ι
674 2076 808 2112 clausis
828 2078 888 2112 Ηι
908 2078 912 2124 l
942 2083 963 2115 8
987 2081 1303 2125 praecucurrisset
1329 2084 1449 2126 (prae-

103 2119 278 2156 currisset
301 2122 340 2165 h)
364 2133 458 2166 quae
482 2124 630 2159 moenia
655 2123 742 2159 GH
770 2127 775 2168 1
818 2128 861 2159 10
885 2127 1105 2162 marathona
1124 2128 1187 2172 H,
1212 2129 1273 2163 sed
1297 2129 1450 2173 uiryula

103 2167 230 2202 leuiter
242 2177 328 2203 rasa
349 2170 355 2211 1
378 2172 420 2203 11
436 2170 604 2215 exemplo
617 2170 703 2206 GH
719 2173 725 2215 1
750 2175 792 2206 13
812 2171 1048 2209 athenienses
1068 2175 1167 2210 GH¹
1190 2176 1194 2219 Ι
1219 2179 1262 2209 14
1282 2174 1372 2219 quia
1391 2175 1450 2210 H¹

103 2224 215 2257 quam
234 2214 259 2249 d
279 2216 284 2256 Ι
307 2218 351 2250 15
371 2217 532 2261 operatis
548 2217 585 2252 P
603 2218 609 2262 Ι
633 2221 676 2253 16
696 2217 820 2254 edicta
838 2219 884 2254 H
927 2223 972 2255 22
992 2220 1123 2257 Cimon
1142 2221 1296 2257 casaub.
1311 2232 1355 2257 ex
1377 2221 1450 2257 Po-

103 2260 220 2305 lyaen.
247 2264 281 2304 1,
303 2264 362 2306 34,
385 2266 406 2298 1
426 2262 554 2299 Conon
574 2264 655 2299 CH
670 2263 808 2301 Comen
827 2266 862 2301 G
915 2278 1027 2304 omon
1045 2269 1106 2313 P}
1128 2273 1172 2304 25
1198 2268 1450 2312 eurymedona

107 2306 194 2342 GH
199 2306 245 2351 P,
263 2318 353 2343 corr.
372 2310 398 2345 d
419 2311 424 2354 Ι
445 2313 491 2346 26
511 2310 795 2357 adignoscerent
814 2313 860 2349 H
876 2314 882 2359 Ι
903 2317 949 2349 27
970 2315 1162 2351 caluerunt
1190 2315 1225 2351 G

175 2371 360 2400 Paos-rums
380 2374 425 2401 ed.
445 2375 667 2403 Gundermann.
1215 2378 1235 2407 6
