1612 2488
95 709 138 741 10

94 1005 138 1038 15

91 1302 137 1334 20

92 1597 137 1629 25

171 53 227 96 70
443 53 543 90 IULI
567 54 806 91 FRONTINI
832 54 1260 92 STRATEGEMATON

166 162 415 205 tenentibus
452 163 678 219 planitias,
716 178 813 206 cum
850 165 1073 220 utriusque
1109 166 1247 220 partis
1285 165 1523 221 plurimum

165 222 397 265 interesset
428 223 557 265 colles
589 223 811 279 proximos
842 238 1050 279 occupare
1081 223 1209 279 idque
1247 227 1426 281 propter
1455 240 1524 268 sa-

164 296 319 324 xorum
361 283 641 338 asperitatem
678 285 795 325 esset
833 283 1029 339 difficile,
1075 285 1299 340 tamquam
1335 284 1524 328 Ilerdam

165 342 451 396 repetiturum
494 344 610 384 retro
656 357 812 398 agmen
856 343 1097 398 ordinauit,
1145 342 1334 386 faciente
1375 344 1524 400 inopia

166 401 294 443 fidem
327 401 620 444 destinationi.
665 402 782 444 intra
813 402 1119 448 breuissimum
1149 402 1302 445 deinde
1333 403 1524 458 spatium

167 460 322 516 exiguo
361 460 543 504 circuitu
579 461 698 503 flexit
734 466 912 517 repente
950 462 1004 504 ad
1042 461 1202 504 montis
1237 462 1522 518 occupandos.

165 533 250 574 quo
283 520 381 562 uisu
411 520 657 575 perturbati
688 519 920 563 Afraniani
956 521 1077 563 uelut
1114 521 1255 576 captis
1293 521 1449 564 castris
1481 524 1525 565 et

164 578 248 634 ipsi
269 579 404 622 effuso
431 594 559 622 cursu
586 580 759 622 eosdem
784 583 954 623 montes
980 580 1162 635 petiere:
1187 580 1302 635 quod
1326 580 1522 624 futurum

165 652 261 680 cum
287 639 635 693 praediuinasset
654 638 827 691 Caesar,
851 639 1011 694 partim
1036 639 1232 695 peditatu
1251 654 1379 695 quem
1398 654 1520 695 prae-

164 698 358 753 miserat,
389 699 551 753 partim
577 713 603 740 a
627 701 750 754 tergo
777 699 1020 741 summissis
1052 699 1269 754 equitibus
1300 699 1520 742 inordina-

165 759 236 800 tos
269 760 337 799 est
367 758 556 800 adortus.
1073 791 1076 794 ι

253 816 323 859 39.
355 817 573 859 Antonius
606 816 721 872 apud
746 816 905 859 Forum
933 816 1181 871 Gallorum,
1210 831 1306 859 cum
1331 816 1522 860 Pansam

164 876 386 918 consulem
413 876 646 918 aduentare
672 877 975 932 comperisset,
1006 876 1176 918 insidiis
1201 890 1278 931 per
1303 875 1523 919 siluestris.

164 934 376 977 Aemiliae
414 936 512 978 uiae
550 935 772 990 dispositis
811 949 966 991 agmen
1005 936 1097 977 eius
1128 936 1297 990 excepit
1326 935 1522 991 fuditque

165 996 208 1035 et
244 994 387 1049 ipsum
425 1009 475 1037 eo
514 996 692 1037 uulnere
731 995 909 1048 adfecit,
951 1009 1036 1050 quo
1077 995 1195 1037 intra
1231 1008 1392 1050 paucos
1431 994 1521 1037 dies

165 1054 496 1097 exanimaretur.

251 1114 321 1156 40.
352 1113 464 1155 Iuba
487 1127 561 1155 rex
587 1114 633 1155 in
651 1113 802 1155 Africa
827 1113 942 1155 bello
967 1113 1087 1154 ciuili
1107 1111 1307 1155 Curionis
1329 1112 1522 1155 animum

163 1171 368 1214 simulato
400 1186 602 1229 regressu
633 1172 794 1227 inpulit
824 1172 871 1213 in
894 1186 1054 1214 uanam
1080 1171 1368 1214 alacritatem:
1400 1171 1521 1214 cuius

164 1232 255 1286 spei
283 1232 479 1274 uanitate
506 1231 709 1287 deceptus
732 1230 878 1287 Curio,
903 1230 1003 1272 dum
1028 1233 1253 1286 tamquam
1278 1230 1521 1287 fugientem

164 1288 404 1334 Sabboram
436 1291 604 1347 regium
635 1291 902 1346 praefectum
939 1287 1232 1346 persequitur,
1270 1289 1444 1332 deuenit
1474 1289 1521 1332 in

162 1352 361 1405 patentes
400 1365 592 1406 campos,
629 1350 705 1392 ubi
735 1349 1020 1392 Numidarum
1057 1350 1374 1392 circumuentus
1407 1348 1522 1404 equi-

162 1412 275 1464 tatu,
306 1410 476 1465 perdito
510 1410 714 1465 exercitu,
746 1409 911 1452 cecidit.

251 1469 321 1512 41.
359 1468 608 1511 Melanthus
636 1468 721 1510 dux
745 1468 1092 1522 Atheniensium,
1125 1481 1222 1509 cum
1251 1468 1519 1522 prouocatus

163 1542 189 1569 a
207 1542 309 1584 rege
326 1527 517 1570 hostium
531 1527 708 1570 Xantho
728 1527 909 1570 Boeotio
929 1525 1222 1568 descendisset
1239 1525 1295 1567 ad
1314 1539 1520 1582 pugnam,

163 1589 212 1628 ut
243 1587 431 1642 primum
462 1587 703 1630 comminus
736 1586 875 1641 stetit,
907 1584 1097 1640 ‘inique'‚
1127 1585 1288 1640 inquit,
1319 1583 1520 1639 ‘Xanthe,

164 1650 208 1688 et
239 1650 391 1688 contra
421 1648 595 1701 pactum
627 1645 750 1688 facis:
783 1645 988 1688 aduersus
1021 1644 1162 1687 solum
1188 1644 1303 1686 enim
1329 1657 1426 1686 cum
1459 1643 1520 1685 al-

163 1708 257 1747 tero
289 1704 574 1761 processisti?
636 1719 816 1760 cumque
848 1703 1085 1746 admiratus
1117 1704 1208 1758 ille,
1243 1703 1442 1758 quisnam
1474 1716 1520 1744 se

165 1765 462 1818 comitaretur,
506 1765 783 1819 respexisset,
829 1778 1029 1805 auersum
1069 1777 1156 1804 uno
1194 1762 1286 1804 ictu
1323 1761 1521 1804 confecit.

253 1824 322 1866 42.
360 1823 599 1878 Iphicrates
636 1823 918 1866 Atheniensis
952 1821 1005 1864 ad
1032 1821 1390 1872 Cherronessum,
1423 1834 1520 1862 cum

263 1979 280 2009 1
307 1975 488 2019 planicies
514 1976 539 2011 d
574 1977 579 2019 Ι
613 1979 634 2011 3
660 1974 844 2010 hilerdam
876 1974 913 2009 P
938 1974 943 2018 1
975 1976 997 2007 4
1021 1972 1247 2018 repetiturus
1272 1971 1297 2007 d
1357 1975 1377 2006 6
1402 1970 1520 2006 moni-

160 2022 213 2058 tis
232 2022 278 2058 H
298 2023 443 2058 montes
466 2022 502 2056 P
523 2033 526 2066 Ι
550 2027 569 2058 7
591 2021 655 2067 qui
673 2021 753 2057 uiso
773 2021 831 2056 Η1
850 2032 943 2067 quos
966 2018 1066 2055 uisos
1090 2020 1114 2054 h
1135 2021 1141 2064 Ι
1163 2023 1184 2055 8
1208 2018 1288 2063 ipse
1375 2017 1380 2064 Ι
1409 2021 1431 2053 9
1456 2028 1520 2064 pe-

166 2069 290 2105 ditatu
316 2089 360 2095 —-
386 2069 525 2114 partim
551 2080 616 2105 om.
644 2069 702 2104 Η1
724 2070 730 2112 Ι
763 2072 806 2104 10
832 2067 1036 2114 equitibus]
1063 2065 1303 2110 sequentibus
1327 2065 1369 2100 H
1389 2065 1396 2110 Ι
1423 2065 1520 2101 inor·

165 2117 316 2152 dinatus
343 2117 384 2152 H
406 2121 411 2159 1
436 2120 478 2152 16
505 2122 611 2152 exam
631 2117 674 2151 H
679 2116 689 2135 ¹
712 2119 717 2159 Ι
742 2120 784 2151 17
810 2116 850 2150 in
875 2114 1013 2151 africae
1031 2114 1092 2158 ΡΙ
1114 2116 1159 2148 20
1185 2112 1386 2148 sabborum
1404 2112 1447 2147 H
1464 2123 1522 2148 sa-

166 2165 298 2200 boram
323 2163 384 2208 ΡΙ
407 2163 560 2199 deuenit
584 2163 642 2206 H,
667 2163 730 2198 sed
753 2163 825 2198 deu
849 2164 891 2198 in
914 2172 987 2198 ras.
1013 2162 1037 2196 h
1056 2160 1062 2207 Ι
1084 2163 1130 2196 23
1155 2158 1340 2195 Melantus
1366 2159 1404 2194 P
1435 2164 1441 2202 ι
1473 2162 1522 2195 24

166 2213 280 2247 xanto
310 2211 348 2246 P
379 2214 384 2251 Ι
418 2210 543 2246 boetio
571 2211 692 2246 CHP
724 2213 729 2253 Ι
770 2214 814 2245 25
848 2211 924 2244 stet
949 2208 1030 2244 GH
1059 2207 1197 2252 {xante
1222 2206 1282 2251 ΡΙ
1312 2211 1358 2242 26
1382 2205 1476 2242 facis
1495 2207 1521 2242 d

166 2260 269 2303 pacis
299 2258 422 2294 OHP
441 2260 447 2303 Ι
470 2258 666 2293 aduersum
682 2256 713 2292 Ο
732 2259 736 2301 Ι
759 2257 860 2292 solus
879 2256 938 2291 Ηι
960 2257 965 2300 Ι
987 2258 1031 2290 27
1053 2266 1092 2290 se
1117 2265 1183 2289 om.
1209 2253 1272 2288 Η1
1295 2255 1300 2298 Ι
1322 2257 1367 2289 28
1385 2253 1520 2290 {fomit—

166 2307 310 2341 taretur
336 2306 447 2352 HP1
477 2309 521 2341 29
549 2306 827 2340 cherronessum
855 2304 899 2338 H
922 2313 1172 2339 cerronessum
1201 2301 1238 2336 P
