1612 2488
551 128 694 165 LIBER
718 129 764 164 H.
801 129 903 165 CAP.
930 133 962 165 2.
1374 130 1432 172 45

86 251 270 293 quorum
298 237 432 279 robur
461 237 507 279 in
538 236 680 292 pedite
712 239 823 291 erat,
854 238 1113 292 campestria
1142 238 1298 292 teneri,
1329 237 1434 281 Poe-

85 310 164 339 nos
206 295 254 338 in
287 295 419 351 plana
455 295 646 338 deduxit:
688 295 764 338 ubi
805 310 884 350 per
918 296 1173 352 elephantos
1210 296 1432 352 dissipatis

86 354 309 397 ordinibus
345 354 642 397 Romanorum
686 369 858 409 sparsos
902 355 1064 397 milites
1107 370 1184 410 per
1219 355 1432 399 Numidas

85 416 334 469 persecutus
365 427 513 455 eorum
544 413 779 456 exercitum
803 413 932 469 fudit,
962 414 1007 456 in
1031 414 1154 457 illam
1179 415 1293 457 diem
1317 419 1433 458 terra

86 472 280 527 marique
310 472 534 514 uictorem.

177 531 246 574 12.
281 530 605 586 Epaminondas
631 530 715 573 dux
742 529 1042 573 Thebanorum
1075 531 1281 574 aduersus
1306 531 1434 575 Lace·

87 588 338 632 daemonios
369 589 606 632 directurus
638 589 791 645 aciem,
821 605 900 645 pro
925 589 1069 632 fronte
1094 591 1186 633 eius
1212 591 1435 634 decurrere

87 648 307 703 equitibus
330 647 478 703 iussis,
505 663 602 691 cum
626 648 847 704 ingentem
871 649 1094 704 puluerem
1118 650 1310 693 hostium
1336 665 1435 693 ocu-

85 705 140 748 lis
182 707 414 750 obiecisset
452 708 905 763 exspectationemque
942 708 1152 763 equestris
1189 710 1435 752 certaminis

85 765 420 820 praetendisset,
451 766 743 809 circumducto
775 767 919 822 pedite
944 767 998 809 ab
1025 782 1076 809 ea
1100 771 1242 824 parte,
1274 783 1326 811 ex
1350 783 1435 824 qua

86 822 290 867 decursus
320 825 367 866 in
391 839 589 867 auersam
612 825 807 867 hostium
831 826 967 868 aciem
992 826 1179 881 ferebat,
1209 827 1434 882 inopinan-

86 882 199 925 tium
227 885 353 939 terga
382 883 561 925 adortus
594 883 760 925 cecidit.

179 941 246 984 13.
272 940 600 984 Lacedaemonii
619 941 727 985 CCC
746 945 898 985 contra
915 943 1272 986 innumerabilem
1292 945 1434 987 multi-

86 999 281 1042 tudinem
304 999 531 1043 Persarum
556 999 870 1056 Thermopylas
896 1006 1225 1058 occupauerunt‚
1253 1018 1435 1059 quarum

87 1058 313 1114 angustiae
342 1073 431 1101 non
461 1060 648 1115 amplius
679 1074 808 1114 quam
836 1075 985 1116 parem
1008 1076 1234 1104 numerum
1259 1063 1434 1106 commi·

86 1131 168 1158 nus
206 1120 500 1172 pugnaturum
542 1121 745 1173 poterant
788 1119 1031 1162 admittere:
1075 1135 1209 1176 eaque
1251 1122 1435 1176 ratione,

88 1179 298 1231 quantum
341 1176 394 1218 ad
433 1190 689 1232 congressus
731 1177 1000 1233 facultatem,
1041 1181 1214 1235 aequati
1255 1195 1435 1223 numero

86 1233 382 1288 barbarorum,
405 1236 568 1278 uirtute
587 1238 744 1278 autem,
754 1240 1038 1292 praestantes,
1062 1253 1268 1295 magnam
1287 1254 1435 1282 eorum

88 1295 258 1347 partem
294 1294 537 1336 ceciderunt
572 1309 650 1336 nec
689 1296 880 1350 superati
916 1296 1078 1351 forent,
1113 1298 1199 1340 nisi
1228 1313 1306 1353 per
1336 1313 1435 1353 pro-

88 1350 272 1393 ditorem
303 1352 541 1408 Ephialten
572 1353 850 1396 Trachinium
887 1354 1201 1399 circumductus
1238 1357 1378 1400 hostis
1411 1373 1435 1400 a

87 1411 212 1464 tergo
243 1424 316 1452 eos
348 1411 643 1466 oppressisset.

180 1468 247 1511 14.
283 1469 596 1512 Themistocles
634 1471 719 1513 dux
750 1470 1100 1527 Atheniensium,
1136 1487 1233 1516 cum
1270 1474 1437 1517 uideret

88 1525 365 1570 utilissimum
408 1527 612 1571 Graeciae
661 1529 867 1572 aduersus
910 1531 1236 1574 multitudinem
1278 1519 1435 1576 Xerxis

87 1585 264 1628 nauium
299 1587 346 1629 in
382 1587 596 1643 angustiis
635 1586 867 1631 Salaminis
911 1589 1135 1633 decernere
1172 1591 1300 1647 idque
1339 1606 1434 1648 per-

55 1672 59 1675 -
89 1643 268 1686 suadere
297 1645 464 1687 ciuibus
494 1661 581 1688 non
611 1650 776 1702 posset,
807 1648 1000 1690 sollertia
1025 1649 1182 1704 effecit,
1214 1653 1263 1692 ut
1287 1665 1313 1692 a
1338 1652 1434 1693 bar-

88 1701 207 1744 baris
227 1702 283 1744 ad
300 1703 510 1745 utilitates
531 1719 630 1746 suas
650 1704 803 1747 Graeci
821 1707 1194 1762 compellerentur.
1231 1709 1436 1752 simulata

89 1773 275 1814 namque
305 1761 547 1815 proditione
578 1763 699 1804 misit
724 1763 779 1805 ad
801 1763 990 1816 Xerxen,
1017 1766 1092 1819 qui
1121 1766 1333 1810 indicaret
1362 1783 1436 1823 po-

90 1818 264 1873 pulares
295 1834 396 1862 suos
427 1820 479 1862 de
510 1820 614 1876 fuga
645 1821 838 1876 cogitare
869 1822 1242 1880 difficilioremque
1274 1827 1315 1868 ei
1344 1841 1436 1869 rem

89 1876 297 1932 futuram,
335 1878 373 1919 si
405 1879 596 1934 singulas
628 1880 827 1922 ciuitates
858 1881 1083 1924 obsidione
1114 1883 1437 1939 adgrederetur:

91 1948 175 1988 qua
210 1937 380 1978 ratione
418 1937 578 1992 effecit,
613 1941 663 1980 ut
694 1940 903 1982 exercitus
934 1940 1219 1984 barbarorum
1248 1945 1435 1998 primum

189 2031 207 2061 1
232 2027 346 2064 rubor
369 2029 427 2063 H¹
454 2029 459 2075 Ι
486 2030 666 2075 impedite
691 2030 736 2065 H
765 2031 987 2076 impeditum
1011 2033 1050 2068 P
1071 2035 1077 2078 Ι
1111 2038 1132 2069 2
1158 2034 1224 2069 ubi
1247 2046 1314 2071 om.
1340 2036 1400 2072 H¹
1428 2037 1434 2084 ί

91 2073 301 2118 elephantis
320 2075 366 2110 H
385 2079 470 2112 ante
493 2087 584 2113 corr.
607 2078 613 2122 Ι
634 2081 657 2112 4
682 2079 865 2113 exercitus
884 2078 942 2113 Η1
962 2081 968 2123 1
989 2079 1029 2115 in
1052 2080 1121 2116 iila
1145 2081 1206 2116 die
1229 2082 1254 2118 h
1275 2082 1280 2128 Ι
1305 2087 1348 2118 10
1374 2085 1434 2131 ex]

92 2121 324 2156 excursusH
340 2124 346 2165 Ι
369 2127 411 2158 11
438 2123 634 2159 aduersam
647 2124 740 2168 ΗΡ,
764 2135 855 2161 corr.
872 2125 965 2163 Oud.
988 2129 994 2172 Ι
1018 2131 1061 2163 13
1081 2131 1167 2164 ,οἮμ
1181 2128 1229 2163 H
1244 2131 1249 2174 1
1275 2134 1318 2165 14
1336 2130 1436 2166 ther-

91 2167 289 2211 mophylas
307 2168 354 2203 H
380 2170 388 2214 1
421 2173 464 2205 15
488 2172 635 2216 partem
654 2171 699 2206 H
718 2175 804 2207 mate
827 2182 917 2209 corr.
952 2173 958 2220 Ι
993 2179 1037 2210 17
1057 2186 1277 2221 congressus
1310 2179 1370 2220 (us
1395 2179 1437 2213 in

91 2216 188 2266 ms.)-
201 2213 248 2248 H
269 2215 276 2258 Ι
308 2219 355 2250 20
379 2215 544 2261 epialten
566 2218 614 2253 H
633 2221 718 2253 ante
741 2229 835 2254 corr.
868 2221 874 2264 Ι
907 2223 953 2256 22
977 2221 1219 2258 Temistocles
1244 2223 1330 2259 ΗΡ
1352 2226 1357 2268 Ι
1390 2227 1436 2260 23

92 2259 236 2304 gratiae
255 2261 316 2297 Ηι
345 2264 351 2302 Ι
383 2266 430 2298 24
455 2264 645 2300 salaminis
664 2265 702 2300 P
729 2265 928 2302 salamanis
947 2268 994 2303 H
1019 2268 1231 2304 Salaminiis
1255 2271 1333 2307 edd.
1357 2274 1363 2315 1
1390 2275 1436 2308 25

93 2305 211 2341 efficit
227 2307 286 2342 H¹
307 2310 312 2352 Ι
334 2319 358 2343 a
380 2319 448 2345 om.
460 2310 520 2345 H¹
546 2311 552 2357 Ι
586 2315 631 2347 26
652 2314 692 2347 at
709 2312 768 2347 H¹
796 2314 803 2357 Ι
834 2317 880 2349 27
898 2325 1035 2351 xerxen
1052 2317 1184 2359 (altera
1203 2328 1227 2350 x
1246 2317 1287 2353 in
1305 2328 1377 2354 ras.
1397 2320 1437 2364 ἢ)

93 2352 162 2398 ΗΙ
190 2357 235 2389 29
261 2354 293 2389 si
317 2356 477 2401 om.H1
510 2361 557 2394 30
581 2359 947 2398 barbarumHante
970 2373 1060 2398 corr.

1463 784 1506 816 10

1463 1078 1505 1109 15

1461 1371 1506 1403 20

1461 1665 1506 1696 25

1461 1958 1506 1989 30
