1612 2488
179 73 238 115 20
453 74 555 110 IULI
579 74 816 111 FRONTINI
843 75 1268 113 STRATEGEMATON

180 183 348 239 gustias
381 183 583 238 exercitu,
615 198 712 226 cum
742 184 831 226 iam
864 184 1063 226 omnibus
1095 185 1401 228 obuersaretur
1426 184 1536 230 Cau-

179 241 306 284 dinae
326 242 461 284 cladis
482 243 739 297 exemplum,
756 241 968 285 Numidas
989 243 1230 296 auxiliares,
1248 247 1341 286 tam
1359 248 1537 302 propter

178 300 372 357 ipsorum
410 316 538 356 quam
576 304 755 356 propter
792 316 1001 357 equorum
1038 301 1357 346 deformitatem
1396 303 1536 360 despi-

180 360 370 415 ciendos,
413 361 542 403 iussit
584 360 834 416 adequitare
878 361 1077 404 faucibus
1119 376 1227 417 quae
1265 363 1535 407 tenebantur.

133 430 154 462 5
180 419 322 474 primo
354 420 515 462 intenti
545 420 712 475 hostes,
743 434 797 462 ne
829 420 1164 476 lacesserentur,
1195 422 1430 464 stationem
1461 423 1536 466 ob-

180 478 383 520 iecerunt.
445 479 498 521 de
547 479 762 522 industria
810 477 1024 522 Numidae
1075 480 1129 522 ad
1178 481 1421 536 augendum
1469 482 1537 525 sui

181 540 477 592 contemptum
520 538 611 581 labi
654 538 776 594 equis
816 540 858 581 et
896 553 974 593 per
1013 539 1248 582 ludibrium
1292 541 1536 596 spectaculo

181 611 275 639 esse
308 596 646 640 adfectauerunt.
691 597 745 639 ad
771 597 1013 640 nouitatem
1039 598 1102 640 rei
1127 598 1286 642 laxatis
1313 599 1535 643 ordinibus

180 656 356 698 barbari
386 657 433 698 in
466 657 760 711 spectaculum
792 671 928 712 usque
953 657 1134 700 resoluti
1160 659 1273 701 sunt.
1322 658 1438 714 quod
1461 659 1537 702 ubi

110 727 154 758 10
181 715 580 758 animaduerterunt
600 714 826 768 Numidae,
852 716 1064 771 paulatim
1083 716 1356 759 succedentes
1378 717 1535 760 additis

179 774 422 817 calcaribus
446 789 524 830 per
542 775 814 818 intermissas
839 774 1033 818 hostium
1053 775 1265 818 stationes
1285 779 1537 832 eruperunt:

178 847 363 888 quorum
396 833 549 876 deinde
580 848 677 876 cum
709 834 931 890 proximos
961 834 1241 878 incenderent
1279 849 1426 891 agros,
1465 850 1536 879 ne-

178 906 294 935 cesse
320 893 555 948 Liguribus
587 893 671 936 fuit
702 894 878 936 auocari
909 893 964 935 ad
995 893 1264 936 defendenda
1295 909 1372 937 sua
1403 895 1537 938 inclu-

179 965 336 1007 sosque
367 952 589 994 Romanos
622 953 832 995 emittere.

110 1021 152 1054 15
272 1011 336 1052 17.
382 1010 428 1053 L.
462 1010 600 1065 Sulla,
644 1011 758 1053 bello
799 1011 948 1054 sociali
988 1011 1101 1067 apud
1131 1011 1387 1055 Aeserniam
1423 1012 1538 1056 inter

179 1070 403 1124 angustias
437 1069 729 1124 deprehensus
763 1070 816 1112 ab
849 1070 1041 1112 exercitu
1070 1070 1280 1126 hostium,
1315 1070 1384 1114 cui
1414 1069 1536 1114 Duil-

177 1128 261 1170 lius
292 1132 511 1183 praeerat,
544 1129 774 1184 conloquio
806 1129 943 1184 petito
977 1128 1029 1171 de
1055 1129 1382 1172 condicionibus
1413 1130 1535 1185 pacis

179 1187 378 1242 agitabat
409 1188 500 1230 sine
533 1188 704 1230 effectu:
746 1188 919 1230 hostem
957 1190 1104 1231 tamen
1134 1191 1315 1244 propter
1345 1188 1535 1232 indutias

177 1247 456 1302 neglegentia
486 1247 726 1289 resolutum
753 1247 1123 1303 animaduertens,
1153 1249 1282 1291 nocte
1313 1247 1535 1303 profectus

107 1317 152 1348 20
177 1305 329 1348 relicto
362 1306 633 1360 bucinatore,
666 1307 739 1362 qui
770 1306 946 1362 uigilias
979 1306 1034 1348 ad
1063 1306 1192 1350 fidem
1217 1307 1536 1351 rema-nentium

176 1363 388 1407 diuideret
431 1367 475 1407 et
513 1368 668 1421 quarta
710 1365 864 1421 uigilia
907 1365 1141 1409 commissa
1186 1368 1535 1421 consequeretur,

175 1423 414 1467 incolumes
450 1439 549 1466 suos
581 1439 678 1466 cum
710 1425 910 1467 omnibus
942 1425 1251 1479 inpedimentis
1285 1425 1536 1468 tormentis-

177 1497 259 1537 que
291 1483 337 1525 in
366 1485 462 1525 tuta
492 1483 703 1539 perduxit.

269 1542 336 1584 18.
377 1542 497 1584 Idem
529 1542 734 1584 aduersus
767 1542 1030 1584 Archelaum
1061 1542 1332 1598 praefectum
1361 1541 1534 1584 Mithri-

106 1611 151 1642 25
178 1600 290 1642 datis
321 1602 368 1643 in
394 1600 680 1657 Cappadocia,
710 1601 940 1656 iniquitate
966 1602 1155 1644 locorum
1182 1606 1226 1644 et
1257 1601 1534 1644 multitudine

176 1659 370 1702 hostium
401 1675 588 1715 pressus,
619 1660 722 1703 fecit
746 1660 867 1716 pacis
893 1660 1159 1703 mentionem
1189 1660 1534 1716 interpositoque

176 1721 371 1774 tempore
404 1720 535 1762 etiam
566 1719 832 1762 indutiarum
865 1722 909 1761 et
939 1734 1016 1775 per
1046 1720 1153 1763 haec
1180 1723 1363 1763 auocata
1392 1719 1531 1761 inten-

175 1778 292 1819 tione
325 1778 623 1821 aduersarium
655 1779 805 1822 euasit.

276 1865 290 1892 1
320 1860 580 1894 obuersaretur
599 1879 643 1885 —
664 1858 784 1895 cladis
810 1869 877 1895 om.
898 1859 942 1894 H
945 1859 956 1879 ¹
979 1859 984 1905 Ι
1006 1859 1270 1894 aduersaretur
1285 1859 1345 1903 ΡΙ
1368 1857 1533 1894 claudia-

176 1915 246 1940 nae
266 1905 342 1950 hP,
369 1917 431 1941 em.
452 1907 476 1942 d
500 1917 544 1942 ex
565 1907 651 1942 Liu.
674 1909 734 1951 35,
747 1910 792 1942 11
817 1909 821 1951 1
845 1911 866 1942 2
892 1905 1132 1942 auxiliatores
1151 1906 1199 1941 H
1215 1909 1220 1949 1
1242 1910 1263 1940 3
1283 1904 1534 1950 dispiciendos

176 1953 234 1987 H¹
257 1954 262 1997 Ι
292 1956 313 1987 5
340 1953 568 1988 lascerentur
588 1954 634 1988 H
651 1956 656 1998 Ι
686 1957 706 1988 6
734 1953 820 1989 (10111
845 1954 892 1989 (10
914 1953 1018 1989 Stew.
1042 1955 1047 1996 Ι
1070 1956 1090 1987 7
1117 1963 1230 1997 equos
1249 1952 1308 1993 ΡΙ
1333 1955 1375 1987 11
1402 1951 1534 1988 missas

176 1999 234 2034 Η1
257 2000 263 2044 Ι
285 2002 514 2045 erupuerunt
527 2001 569 2035 H
592 2006 677 2036 ante
698 2012 771 2036 ras.
796 2002 801 2046 Ι
826 2004 869 2036 12
888 2000 1067 2046 proximis
1081 2000 1127 2035 H
1143 2003 1148 2042 1
1170 1999 1413 2035 incenderent
1429 1999 1532 2036 Har-

176 2047 223 2082 ὑεῖ
248 2047 326 2083 coll.
353 2047 440 2083 Isiu.
468 2050 528 2093 35,
547 2051 605 2090 11,
627 2051 669 2083 11
708 2048 836 2084 indeft
860 2047 907 2083 Η
937 2047 1101 2083 inierunt
1125 2047 1163 2082 P
1189 2047 1378 2082 inruerent
1404 2047 1448 2089 d,-
1485 2047 1532 2090 cf,

171 2105 210 2139 p.
231 2095 295 2138 25,
314 2097 375 2131 12.
402 2096 466 2138 26,
486 2098 509 2131 6
532 2097 536 2139 1
562 2098 605 2129 14
630 2106 804 2131 romanos
825 2095 877 2139 H,
901 2096 963 2131 sed
987 2105 1098 2130 oman
1121 2095 1164 2130 in
1187 2104 1260 2130 ras.
1285 2094 1290 2135 Ι
1313 2095 1358 2128 15
1426 2093 1537 2129 llaH

179 2141 265 2176 silla
281 2142 342 2187 ΡΙ
366 2145 409 2177 16
436 2141 484 2177 ad
510 2142 713 2177 exercitum
733 2143 826 2187 ΗΡ,
851 2154 914 2178 em.
937 2142 1041 2178 Mod.
1064 2143 1070 2186 Ι
1099 2140 1250 2177 duillius
1269 2140 1357 2176 ΗΡ
1417 2140 1533 2176 utilus

180 2188 273 2224 Oud.
300 2199 344 2224 ex
377 2188 464 2225 Vell.
485 2193 525 2234 2,
547 2192 604 2225 16.
637 2189 803 2234 Appiam.
831 2190 862 2226 b.
889 2200 917 2226 c.
946 2192 980 2231 1,
999 2191 1047 2224 40
1064 2199 1136 2234 sqq.
1176 2188 1215 2224 O.
1236 2186 1444 2224 Vidacilius
1474 2188 1534 2224 uel

177 2235 217 2271 P.
237 2236 386 2271 Vettius
412 2237 490 2274 coll.
515 2236 615 2273 Oros.
640 2239 675 2279 5,
694 2240 756 2280 28,
775 2240 834 2273 16.
854 2239 916 2274 21.
954 2235 1119 2282 Appiam..
1146 2236 1168 2271 l.
1189 2235 1212 2271 l.
1238 2235 1400 2271 conicias
1424 2235 1533 2271 etiam

171 2284 405 2328 probabilius
426 2287 431 2328 1
468 2287 513 2319 18
538 2282 732 2365 cogitabat
756 2284 803 2318 H
831 2286 916 2320 ante
939 2293 1011 2319 ras.
1035 2284 1041 2328 Ι
1075 2287 1119 2318 21
1147 2284 1186 2319 et
1209 2293 1275 2319 om.
1303 2283 1345 2318 H
1366 2284 1371 2327 Ι
1406 2286 1451 2318 23
1475 2281 1531 2318 in·

178 2330 270 2366 duta
294 2331 340 2366 H
364 2332 369 2375 Ι
404 2335 450 2367 24
475 2330 578 2367 mitri
609 2330 678 2367 atis
704 2331 788 2366 ΗΡ
815 2331 821 2376 Ι
855 2334 901 2366 27
928 2332 1086 2366 auocato
1112 2330 1158 2366 H
