1612 2488
123 708 165 740 10

121 1004 164 1036 15

119 1301 164 1332 20

120 1597 164 1628 25

192 52 249 94 86
466 50 566 87 IULI
590 50 827 87 FRONTIM
855 47 1285 86 STRATEGEMATON

191 161 282 204 acie
320 159 408 204 fusi
439 163 601 216 essent,
641 161 936 216 spargeretur,
973 173 1058 214 quo
1088 157 1261 202 facilius
1292 156 1549 215 conligenda

190 221 353 277 praeda
383 220 555 262 hostem
589 219 829 276 inpeditum
861 219 1113 277 effugerent.

281 281 321 323 2.
353 279 561 335 Tryphon
582 277 730 334 Syriae
749 293 825 321 rex
844 279 985 321 uictus
1004 293 1082 334 per
1103 279 1246 321 totum
1269 277 1353 320 iter
1375 276 1548 333 fugiens

191 339 419 395 pecuniam
463 339 625 394 sparsit
662 341 706 381 et
743 338 948 381 sectanda
985 337 1094 393 e<a>
1131 336 1340 380 Antiochi
1383 336 1548 392 equites

193 401 384 442 moratus
417 398 580 454 effugit.

281 459 320 501 3.
360 457 407 508 Q.
442 456 675 512 Sertorius,
712 457 864 512 pulsus
896 457 986 499 acie
1019 472 1044 499 a
1077 455 1125 507 Q.
1155 456 1332 499 Metello
1362 454 1462 510 Pio,
1492 469 1548 498 ne

190 517 342 574 fugam
380 517 553 574 quidem
589 516 674 559 sibi
704 515 847 560 tutam
879 517 1133 571 arbitratus,
1170 516 1291 558 abire
1329 515 1548 570 dispersos

192 578 354 621 milites
392 577 536 633 iussit,
575 576 821 620 admonitos
859 577 904 618 in
943 590 1070 631 quem
1107 576 1252 618 locum
1283 575 1419 617 uellet
1450 588 1548 618 con-

191 651 351 679 uemre.

280 697 320 739 4.
361 695 588 738 Viriathus
627 695 711 738 dux
748 694 1058 738 Lusitanorum
1094 694 1241 754 copias
1284 695 1458 736 nostras
1489 693 1549 736 lo-

187 770 425 811 corumque
457 755 735 810 iniquitatem
767 754 907 797 euasit
937 754 1087 796 eadem
1119 768 1204 809 qua
1236 751 1451 796 Sertorius
1482 766 1549 794 ra-

191 815 328 871 tione,
360 829 512 869 sparso
547 815 755 868 exercitu,
789 814 886 856 dein
917 813 1174 856 reconlecto.

281 874 322 917 5.
359 873 570 916 Horatius
602 872 774 928 Cocles,
811 875 1026 928 urguente
1062 871 1309 915 Porsennae
1347 871 1548 926 exercitu,

191 933 321 976 iussit
359 948 459 976 suos
490 948 568 988 per
599 935 779 989 pontem
808 932 950 975 redire
987 932 1034 974 in
1069 931 1221 974 urbem
1258 945 1459 986 eumque,
1493 943 1549 972 ne

192 1008 266 1036 eos
298 993 598 1049 insequeretur
634 992 793 1048 hostis,
830 991 1097 1034 intercidere.
1140 990 1255 1046 quod
1287 990 1389 1032 dum
1421 989 1550 1032 effici-

189 1056 280 1107 tur,
310 1053 357 1094 in
388 1052 530 1107 capite
561 1053 651 1094 eius
683 1054 983 1108 propugnator
1013 1050 1107 1105 ipse
1137 1050 1415 1105 insequentes
1441 1049 1549 1092 deti-

189 1112 303 1155 nuit:
348 1112 495 1154 audito
523 1111 675 1153 deinde
706 1111 880 1166 fragore
912 1109 1057 1165 pontis
1090 1109 1282 1164 abrupti,
1315 1108 1471 1151 deiecit
1501 1122 1548 1150 se

189 1171 235 1213 in
274 1171 448 1213 alueum
493 1185 675 1226 eumque
713 1170 759 1212 in
799 1169 931 1212 armis
971 1172 1015 1212 et
1051 1168 1302 1211 uulneribus
1341 1169 1546 1210 oneratus

190 1230 397 1273 tranauit.

282 1289 321 1331 6.
352 1288 560 1331 Afranius
587 1287 634 1330 in
657 1287 873 1343 Hispania
898 1287 953 1330 ad
977 1286 1176 1342 Ilerdam,
1202 1300 1299 1328 cum
1319 1283 1549 1328 Caesarem

190 1348 378 1404 fugeret,
415 1348 606 1390 instante
639 1362 689 1390 eo
721 1350 866 1390 castra
903 1347 1067 1402 posuit:
1105 1361 1202 1388 cum
1240 1344 1354 1387 idem
1388 1343 1550 1388 Caesar

190 1407 366 1450 fecisset
397 1411 439 1449 et
470 1407 725 1463 pabulatum
759 1421 859 1449 suos
886 1406 1138 1460 dimisisset,
1170 1404 1245 1446 ille
1277 1404 1449 1459 signum
1481 1418 1549 1447 re-

190 1469 320 1521 pente
352 1467 503 1508 itineri
535 1465 663 1508 dedit.

283 1527 319 1567 7.
364 1525 601 1579 Antonius,
643 1538 738 1566 cum
778 1538 828 1566 ex
865 1523 1041 1566 Parthis
1079 1521 1345 1564 instantibus
1387 1520 1549 1576 recipe-

191 1587 258 1627 ret
296 1585 529 1627 exercitum
561 1586 622 1636 et,
661 1583 859 1639 quotiens
902 1582 1044 1638 prima
1084 1581 1179 1624 luce
1223 1582 1440 1635 moueret,
1482 1583 1549 1623 to-

192 1644 306 1687 tiens
339 1643 626 1699 urguentibus
652 1643 938 1685 barbarorum
965 1641 1138 1697 sagittis
1170 1639 1450 1683 infestaretur
1475 1639 1548 1682 ab·

288 1791 306 1820 1
334 1786 571 1831 spargeretur
595 1784 620 1820 d
651 1784 844 1829 pateretur
868 1782 927 1818 H¹
958 1782 1175 1827 parceretur
1198 1780 1289 1824 72121
1324 1783 1346 1816 3
1371 1779 1550 1825 Thrypon

193 1833 224 1869 Ο
245 1832 410 1877 Thryfon
428 1832 475 1867 H
495 1830 663 1877 Triphon
687 1831 724 1866 P
755 1832 760 1875 Ι
799 1831 898 1866 inter
922 1829 969 1865 H
989 1832 1074 1865 ante
1097 1839 1170 1864 ras.
1211 1828 1216 1873 Ι
1256 1830 1280 1862 4
1310 1828 1349 1862 et
1372 1826 1550 1863 sectanda

192 1892 237 1915 ea
261 1890 327 1915 ‘nos
352 1880 387 1915 ei
414 1879 613 1915 sectandae
640 1877 758 1923 (-diae
783 1877 858 1921 H1)
884 1877 974 1913 ΗΡ
1002 1886 1121 1921 eaque
1146 1875 1332 1910 sectantes
1354 1874 1433 1910 edd.
1457 1875 1463 1918 Ι
1485 1884 1550 1909 an-

190 1926 336 1962 thioohi
355 1926 399 1961 H
419 1929 424 1970 Ι
447 1930 468 1961 5
493 1926 659 1962 moratus
679 1926 732 1970 H,
756 1926 819 1961 sed
842 1925 947 1960 ratus
972 1925 1014 1960 in
1036 1933 1110 1959 ras.
1135 1923 1159 1957 h
1183 1922 1347 1957 moratos
1366 1921 1392 1957 d
1413 1922 1419 1965 Ι
1441 1920 1549 1967 eique

193 1974 392 2010 sectandae
411 1974 456 2008 A.
477 1984 508 2009 e.
532 1973 738 2009 inmoratos
762 1972 854 2008 Oud.
878 1975 884 2017 Ι
907 1976 927 2008 6
947 1982 970 2007 a.
995 1970 1125 2016 quinto
1150 1968 1197 2004 H
1202 1969 1263 2013 ΡΙ
1286 1972 1307 2004 7
1330 1969 1452 2004 totam
1476 1968 1524 2004 H

194 2026 238 2057 10
250 2019 419 2056 Viriatus
439 2021 499 2063 P}
521 2019 768 2056 lusitanorum
786 2020 839 2063 H,
863 2020 925 2055 sed
949 2019 1016 2054 tan
1039 2018 1082 2053 in
1106 2027 1179 2053 ras.
1198 2016 1222 2051 h
1243 2018 1248 2060 Ι
1272 2019 1314 2051 12
1341 2014 1475 2051 deinde
1494 2015 1520 2052 d

194 2073 238 2105 13
262 2067 460 2103 Hortacius
486 2067 544 2103 Η1
568 2069 572 2112 Ι
614 2072 658 2103 14
684 2078 842 2112 eumque
867 2078 919 2102 an
943 2075 1102 2110 cumque
1126 2064 1168 2098 in
1191 2062 1238 2099 Η
1249 2064 1310 2107 sit,
1334 2063 1514 2099 incer-tm

194 2119 238 2151 15
265 2127 328 2152 eos
352 2115 612 2160 insequeretur
627 2115 720 2150 Oud.
742 2126 830 2150 casu
857 2114 1072 2159 sequeretur
1090 2111 1136 2147 H
1142 2111 1178 2145 P
1201 2120 1246 2146 ea
1263 2110 1550 2155 subsequeretur

192 2162 368 2209 Lipsius}
403 2162 453 2198 du
478 2162 531 2205 H,
555 2162 616 2197 sed
635 2165 659 2196 fi
685 2163 727 2196 in
751 2172 825 2197 ras.
849 2162 873 2196 h
895 2164 900 2205 Ι
930 2164 973 2195 18
998 2160 1122 2195 aluem
1147 2157 1206 2193 H¹
1234 2159 1239 2204 Ι
1273 2159 1312 2192 et
1335 2157 1382 2192 H
1400 2157 1467 2193 sed
1485 2156 1547 2203 ΡΙ

192 2222 267 2246 non
293 2210 407 2246 armis
433 2210 499 2245 sed
523 2208 628 2245 Stew.
655 2210 694 2244 et
718 2208 831 2244 armis
858 2209 896 2243 et
923 2208 1027 2243 Mod.
1061 2207 1067 2251 Ι
1101 2209 1147 2241 20
1177 2204 1362 2240 hilerdam
1387 2203 1426 2239 P
1461 2205 1468 2250 Ι
1502 2206 1546 2239 21

192 2259 348 2303 possunt
378 2257 425 2293 H
445 2260 530 2292 ante
560 2266 632 2292 ras.
662 2258 667 2300 Ι
702 2259 747 2290 24
778 2255 926 2291 Parthis
956 2264 1022 2290 ‘nos
1045 2255 1154 2298 parte
1179 2250 1259 2287 sine
1288 2252 1334 2287 H
1339 2251 1377 2286 P
1397 2251 1547 2287 Parthis

191 2304 264 2340 sibi
288 2305 366 2341 edd.
389 2307 395 2348 Ι
429 2308 474 2340 26
500 2303 700 2339 barbarum
719 2302 765 2337 H
768 2303 779 2323 ¹
