1612 2488
118 439 140 472 5

95 807 140 840 10

95 1103 139 1136 15

92 1400 139 1432 20

93 1695 138 1727 25

167 82 253 124 100
440 83 539 120 IULI
563 84 799 121 FRONTINI
825 85 1254 126 STRATEGEMATON

168 191 325 246 quibus
352 192 585 236 simulacra
614 193 840 237 hominum
867 197 1036 239 armata
1059 195 1220 240 Persici
1250 198 1426 242 habitus
1454 200 1524 243 in-
1584 212 1595 215 ‘

166 254 397 307 posuerat,
439 254 656 308 noctuque
701 268 775 297 eos
813 255 952 297 monti
993 256 1197 299 admouit.
1257 260 1351 301 tum
1381 260 1524 315 prima

167 309 263 352 luce
295 325 346 352 ex
378 311 517 354 altera
547 314 671 367 parte
703 328 849 356 muros
881 313 1111 370 adgressus
1143 316 1288 371 <est>:
1317 317 1394 360 ubi
1426 321 1522 362 Orto

168 370 258 411 sole
292 371 523 413 simulacra
553 371 632 413 illa
663 375 930 416 armatorum
969 374 1200 418 referentia
1229 375 1428 420 habitum
1458 393 1524 421 rc-

165 428 397 488 fulserunt,
441 431 647 485 oppidani
688 434 860 486 captam
897 433 1050 476 urbem
1081 449 1108 476 a
1136 437 1261 491 tergo
1298 436 1521 480 credentes

166 490 210 530 et
247 488 302 531 ob
334 488 418 532 hoc
455 489 502 532 in
538 489 688 546 fugam
726 491 882 546 dilapsi
917 493 1146 536 uictoriam
1185 494 1386 538 hostibus
1423 510 1521 540 con-

164 551 395 591 cesserunt.

222 663 341 700 VIIII.
379 664 445 700 DE
471 665 772 702 INRUPTIONE
799 666 864 702 EX
889 667 1103 704 DIVERSA
1126 668 1288 705 PARTE
1315 670 1456 714 QUAM

624 725 1047 765 EXSPECTABIMUR.

258 798 293 839 1.
334 796 479 852 Scipio
512 797 627 853 apud
653 797 966 855 Carthaginem
997 800 1077 842 sub
1111 801 1348 844 discessum
1376 805 1521 846 aestus

165 856 395 911 maritimi,
432 860 602 900 secutus
639 858 767 900 deum
806 861 856 900 ut
887 859 1059 902 dicebat
1089 859 1256 916 ducem,
1288 860 1343 904 ad
1373 876 1520 904 muros

164 916 284 958 urbis
317 916 500 959 accessit
530 920 573 959 et
605 917 784 960 cedente
811 920 980 974 stagno,
1011 933 1096 974 qua
1126 933 1215 963 non
1246 921 1520 975 exspectaba-

163 977 246 1030 tur,
277 975 453 1031 inrupit.

255 1035 294 1076 2.
338 1034 500 1077 Fabius
531 1034 746 1078 Maximus
779 1034 1054 1080 Cunctatoris
1085 1038 1200 1080 filius
1233 1038 1347 1093 apud
1376 1032 1522 1099 Arpos

165 1093 379 1148 praesidio
407 1094 666 1137 Hannibalis
693 1098 938 1150 occupatos,
969 1096 1241 1139 considerato
1273 1098 1359 1140 situ
1389 1099 1522 1151 urbis,

166 1156 384 1195 sescentos
425 1153 587 1195 milites
620 1155 805 1196 obscura
835 1157 961 1197 nocte
993 1155 1130 1210 misit,
1171 1156 1245 1211 qui
1274 1170 1351 1211 per
1382 1157 1521 1199 muni-

164 1213 255 1254 tam
300 1227 435 1267 coque
480 1213 621 1254 minus
665 1213 935 1268 frequentem
980 1214 1129 1269 oppidi
1179 1218 1348 1269 partem
1391 1216 1520 1258 scalis

165 1272 303 1313 euecti
340 1272 387 1313 in
425 1286 595 1314 murum
632 1275 783 1327 portas
820 1273 1091 1316 reuellerent.
1151 1273 1198 1315 hi
1235 1274 1372 1316 adiuti
1408 1274 1518 1317 deci·

165 1330 358 1373 dentium
390 1346 602 1386 aquarum
628 1346 748 1386 sono,
780 1332 855 1387 qui
885 1332 1027 1387 operis
1060 1333 1290 1388 strepitum
1321 1333 1522 1376 obscura·

164 1389 264 1444 bat,
307 1390 426 1432 iussa
468 1394 698 1446 peragunt:
741 1391 834 1447 ipse
873 1391 975 1434 dato
1013 1391 1140 1448 signo
1177 1392 1241 1449 ab
1272 1392 1358 1435 alia
1394 1395 1520 1448 parte

166 1449 396 1504 adgressus
429 1450 544 1504 cepit
576 1450 730 1504 Arpos.

255 1509 294 1550 3.
339 1507 385 1551 C.
417 1507 580 1550 Marius
613 1509 728 1551 bello
755 1508 1013 1564 Iugurthino
1045 1509 1159 1564 apud
1189 1509 1350 1552 flumen
1380 1509 1521 1553 Mulu-

165 1567 303 1621 cham,
323 1581 419 1609 cum
441 1570 712 1623 oppugnaret
738 1567 965 1610 castellum
983 1568 1028 1609 in
1053 1570 1198 1610 monte
1219 1583 1348 1611 saxeo
1375 1569 1520 1623 situm,

166 1626 283 1681 quod
325 1641 412 1669 una
449 1631 494 1669 et
536 1630 722 1682 angusta
759 1627 914 1669 semita
954 1627 1175 1682 adibatur,
1218 1630 1362 1670 cetera
1397 1632 1520 1683 parte

164 1686 287 1728 uelut
318 1686 515 1728 consulto
553 1686 803 1741 praecipiti,
842 1686 1045 1728 nuntiato
1085 1686 1168 1728 sibi
1207 1701 1285 1742 per
1314 1686 1521 1742 Ligurem

165 1745 380 1800 quendam
401 1760 452 1787 ex
481 1746 653 1787 auxiliis
681 1745 902 1801 gregalem
927 1745 1121 1800 militem,
1152 1746 1226 1801 qui
1250 1746 1366 1789 forte
1392 1760 1522 1801 aqua-

164 1807 258 1846 tum
295 1818 571 1860 progressus,
612 1804 713 1847 dum
749 1819 828 1859 per
865 1819 971 1847 saxa
1008 1804 1168 1846 montis
1201 1805 1366 1847 cocleas
1398 1805 1519 1861 legit,

165 1863 218 1904 ad
251 1878 418 1904 summa
450 1866 728 1919 peruenerat,
761 1864 878 1919 erepi
909 1877 1036 1919 posse
1066 1863 1112 1905 in
1144 1864 1382 1916 castellum,
1413 1879 1520 1919 pau-

163 1936 237 1964 cos
288 1923 558 1964 centuriones
608 1937 704 1965 cum
745 1922 1030 1965 uelocissimis
1079 1922 1312 1977 militibus,
1363 1923 1519 1978 quibus

259 2053 280 2085 2
308 2060 370 2085 eas
395 2049 454 2094 ΡΙ
489 2054 509 2084 3
536 2051 592 2085 est
616 2051 702 2087 add.
730 2051 755 2086 d
776 2052 781 2093 ί
816 2055 837 2086 9
863 2049 1142 2095 expectabimur
1169 2050 1206 2084 P
1235 2049 1469 2095 expectabiffi
1494 2051 1520 2086 h

165 2096 373 2142 expectaba
392 2097 450 2132 11¹
471 2098 738 2142 expectabatur
756 2097 787 2133 0
804 2100 810 2142 Ι
834 2101 878 2133 10
898 2097 1099 2132 discessum
1120 2097 1164 2131 H
1166 2097 1204 2132 P
1225 2097 1416 2133 decessum
1434 2108 1519 2134 con-

164 2145 236 2180 icio
258 2147 263 2189 1
294 2148 338 2179 16
362 2146 558 2179 sexcentos
582 2145 672 2188 hPl
697 2149 739 2180 19
766 2156 857 2180 sono
882 2156 949 2181 om.
968 2144 1023 2179 H¹
1046 2148 1051 2187 Ι
1081 2148 1127 2179 20
1152 2144 1200 2178 ab
1226 2155 1272 2180 ea
1295 2146 1400 2189 parte
1424 2144 1518 2181 Oua.

164 2192 243 2227 coll.
263 2191 351 2227 Liu.
373 2194 516 2235 24‚46.·
541 2192 603 2227 sed
627 2193 672 2234 cf.
694 2193 815 2237 praef.
835 2192 863 2238 5
879 2196 922 2227 11
947 2195 952 2233 Ι
974 2195 1019 2226 22
1044 2191 1282 2226 mulueoham'
1305 2192 1341 2226 P
1360 2194 1365 2236 Ι
1387 2195 1433 2228 27
1458 2203 1518 2228 co-

165 2238 272 2274 eletis
298 2239 359 2282 ΡΙ
393 2242 439 2274 28
465 2238 560 2283 eripi
584 2239 676 2282 ΗΡ,
702 2251 764 2275 em.
793 2240 869 2275 edd.
905 2240 910 2283 Ι
940 2243 984 2274 29
1011 2237 1246 2274 centuriones
1272 2238 1408 2283 quibus
1433 2249 1515 2284 per-

164 2285 387 2321 fectissimos
430 2285 727 2332 (prefectissimis
761 2289 798 2330 (c
823 2298 867 2322 σω
891 2288 925 2330 r)
952 2285 1011 2321 Ηι
1047 2284 1329 2331 perfectissimis
1352 2287 1392 2331 h)
1433 2297 1518 2322 cum

164 2332 410 2369 uelocissimis
436 2332 618 2369 militibus
644 2335 863 2369 aeneatores
887 2333 1128 2369 inmiscuerat
1152 2333 1256 2377 ΗΡ,
1281 2334 1495 2379 transposui
