1612 2488
99 707 144 739 10

97 1004 140 1035 15

94 1299 140 1333 20

93 1595 138 1627 25

174 54 197 96 7
203 54 229 96 6
447 55 547 91 IULI
570 56 599 92 F
601 55 787 92 RONTIN
790 56 806 91 I
833 55 1266 95 STRATEGEMATON

170 164 341 206 hostem
386 164 681 220 transfugere,
726 165 853 220 signa
897 180 1049 208 canere
1092 166 1223 209 iussit
1264 169 1308 209 et
1349 169 1530 224 turmas,

172 238 281 278 quae
315 238 387 266 eos
421 226 721 279 sequerentur,
753 224 933 268 inmisit.
986 225 1128 268 hostis
1159 226 1374 269 committi
1404 242 1528 282 proe-

170 283 278 324 lium
303 286 424 325 ratus
450 282 793 339 transfugientes
819 283 918 326 telis
942 284 1128 340 excepit:
1159 283 1429 342 Macedones,
1453 287 1528 343 qui

169 341 368 384 uiderent
403 357 541 398 neque
579 343 713 397 recipi
752 357 797 385 se
836 343 890 385 ab
929 343 1189 387 aduersariis
1228 347 1272 387 et
1301 346 1442 400 premi
1472 346 1527 388 ab

169 400 257 454 his,
296 416 404 456 quos
443 401 716 456 deserebant,
753 403 1001 446 necessario
1034 403 1089 445 ad
1119 403 1284 446 iustum
1313 404 1527 459 proelium

171 461 370 503 conuersi
399 461 572 504 hostem
603 462 867 504 inuaserunt.

260 520 299 562 9.
344 519 552 563 Datames
586 520 672 562 dux
701 520 932 563 Persarum
965 521 1194 564 aduersum
1225 522 1528 578 Autophrada-

168 582 243 620 ten
268 578 315 621 in
334 578 624 635 Cappadocia,
650 594 747 622 cum
773 582 941 634 partem
967 580 1161 635 equitum
1186 595 1361 623 suorum
1386 584 1527 626 trans·

170 638 322 694 fugere
356 639 654 694 comperisset,
691 641 858 681 ceteros
885 654 1034 682 omnes
1059 639 1207 682 uenire
1233 654 1377 683 secum
1401 641 1530 684 iussit

170 697 485 753 adsecutusque
522 698 772 754 transfugas
811 698 1105 754 conlaudauit,
1149 699 1263 754 quod
1300 713 1398 743 eum
1438 700 1528 743 ala-

170 758 300 799 criter
342 757 702 812 praecessissent,
745 757 1049 812 hortatusque.
1071 760 1138 800 est
1173 772 1247 800 eos
1285 759 1435 811 etiam,
1478 762 1528 803 ut

168 815 342 858 fortiter
378 816 550 859 hostem
589 815 880 858 adorirentur:
921 817 1062 871 pudor
1097 818 1338 873 transfugis
1376 818 1528 862 attulit

168 876 481 930 paenitentiam
520 878 564 917 et
602 876 829 918 consilium
863 890 1009 932 suum,
1045 877 1148 932 quia
1183 891 1270 919 non
1313 877 1529 932 putabant

169 935 504 989 deprehensum,
536 937 830 977 mutauerunt.

260 995 325 1036 10.
368 994 416 1036 Τ.
444 993 648 1043 Quintius
675 993 946 1049 Capitolinus
979 995 1130 1036 consul
1161 994 1412 1038 cedentibus
1438 995 1524 1038 Ro-

166 1054 307 1095 manis
340 1054 573 1095 ementitus
600 1056 667 1095 est
690 1055 735 1095 in
762 1054 899 1095 altero
926 1067 1060 1095 cornu
1090 1053 1240 1096 hostes
1271 1053 1447 1110 fugatos
1479 1057 1524 1098 et

166 1112 231 1155 ita
263 1112 528 1155 confirmatis
561 1113 650 1154 suis
682 1111 912 1154 uictoriam
944 1113 1104 1154 retulit.

258 1173 326 1214 11.
368 1170 443 1214 Cn.
468 1170 659 1213 Manlius
693 1171 900 1213 aduersus
931 1169 1152 1226 Etruscos,
1182 1172 1412 1215 uulnerato
1438 1173 1523 1216 col-

165 1231 265 1286 lega
290 1230 348 1273 M.
373 1230 527 1286 Fabio,
561 1230 634 1285 qui
661 1231 883 1273 sinistrum
918 1244 1052 1273 cornu
1084 1230 1284 1286 ducebat,
1314 1234 1359 1274 ct
1389 1232 1445 1275 ob
1476 1231 1519 1275 id

166 1305 217 1332 ea
254 1292 376 1346 parte
409 1290 603 1343 cedente,
635 1290 750 1345 quod
781 1290 914 1331 etiam
947 1289 1138 1332 occisum
1169 1289 1391 1334 crederent
1422 1305 1520 1334 con-

167 1350 315 1405 sulem,
347 1363 444 1392 cum
469 1349 625 1392 turmis
659 1349 853 1404 equitum
879 1350 1078 1404 occurrit,
1104 1349 1332 1392 clamitans
1364 1352 1408 1393 et
1438 1351 1522 1392 col-

164 1409 310 1464 legam
342 1409 488 1450 uiuere
521 1411 565 1450 et
591 1423 636 1450 se
663 1408 812 1450 dextro
846 1422 977 1450 cornu
1001 1408 1176 1450 uicisse:
1209 1423 1295 1464 qua
1325 1411 1522 1452 constan·

164 1467 229 1509 tia
260 1467 566 1522 redintegratis
599 1467 756 1509 animis
789 1481 963 1509 suorum
995 1467 1114 1509 uicit.

256 1527 322 1569 12.
372 1526 539 1568 Marius
579 1526 787 1568 aduersus
826 1524 1024 1568 Cimbros
1065 1528 1108 1568 et
1145 1525 1384 1578 Teutonos,
1425 1541 1523 1570 cum

165 1588 399 1628 metatores
444 1586 534 1627 eius
584 1600 661 1640 per
703 1585 1028 1640 inprudentiam
1070 1585 1133 1627 ita
1175 1584 1330 1628 castris
1379 1586 1521 1629 locum

165 1645 399 1700 cepissent,
444 1647 493 1686 ut
537 1645 616 1686 sub
662 1646 878 1699 potestate
922 1644 1209 1687 barbarorum
1246 1647 1360 1687 esset
1397 1659 1523 1700 aqua,

165 1704 466 1760 flagitantibus
495 1717 589 1745 eam
617 1703 718 1757 suis,
745 1703 882 1759 digito
908 1703 1080 1745 hostem
1101 1703 1330 1746 ostendens
1358 1702 1522 1758 ‘illinc’,

165 1764 326 1818 inquit,
360 1763 560 1818 epetenda
593 1762 693 1804 est':
737 1777 820 1817 quo
853 1762 1064 1804 instinctu
1096 1762 1326 1805 adsecutus
1358 1765 1440 1818 est,
1472 1765 1521 1804 ut

165 1823 365 1877 protinus
400 1822 573 1864 barbari
605 1821 873 1864 tollerentur.

259 1929 279 1960 3
306 1925 597 1970 transfugientes
612 1925 666 1970 H,
691 1927 752 1961 sed
767 1926 874 1969 prior
893 1936 912 1960 e
932 1926 974 1959 in
993 1935 1065 1962 ras.
1091 1927 1266 1970 quattuor
1290 1925 1358 1961 litt.
1383 1925 1409 1960 h
1428 1926 1435 1970 Ι
1456 1925 1522 1970 qui

163 1984 246 2008 cum
272 1973 310 2008 P
345 1975 350 2017 Ι
391 1974 537 2017 excepit
562 1972 805 2008 Macedonas:
839 1971 905 2016 qui
937 1983 1020 2006 cum
1046 1972 1124 2007 edd.
1165 1975 1170 2013 ί
1212 1975 1232 2006 ’1
1258 1970 1521 2008 autofradaten

163 2020 274 2061 HPt
299 2024 341 2054 11
369 2031 432 2055 eos
452 2031 517 2054 om.
540 2020 596 2054 H¹
620 2023 624 2060 i
660 2024 703 2054 12
724 2019 1042 2054 adorerenturH¹
1064 2020 1070 2064 Ι
1112 2022 1154 2053 13
1180 2017 1245 2063 qui
1269 2018 1315 2053 H
1345 2019 1350 2065 Ι
1387 2023 1430 2055 14
1455 2019 1518 2055 de·

162 2078 340 2113 prensum
371 2067 411 2101 H
429 2069 433 2106 Ι
459 2071 501 2102 18
527 2066 701 2102 manilius
728 2067 825 2109 ΗΡ,
850 2078 912 2102 em.
933 2066 1011 2101 edd.
1035 2068 1040 2108 Ι
1062 2065 1110 2100 Μ.
1125 2064 1263 2100 Fabius
1283 2066 1519 2102 aduersus-—

164 2115 311 2159 collega
335 2113 476 2149 Manlio
502 2114 595 2149 Ded.
623 2115 699 2149 coll.
728 2114 816 2149 Liu.
836 2115 875 2157 2,
901 2116 966 2149 47.-
990 2113 1052 2148 sed
1077 2114 1123 2156 cf.
1146 2113 1264 2156 praef.
1290 2114 1318 2159 ς’
1342 2117 1388 2148 11
1410 2114 1416 2158 Ι
1439 2114 1520 2149 uul-

162 2164 313 2198 neratos
339 2160 398 2208 ΡΙ
429 2165 472 2197 19
499 2161 644 2206 collega
664 2161 712 2197 M.
732 2162 865 2205 scripsi
890 2159 1074 2205 collegam
1099 2160 1144 2194 H
1151 2159 1160 2179 ¹
1188 2158 1336 2205 collega
1358 2161 1383 2196 h
1407 2161 1520 2196 colle·

163 2220 230 2255 gas
260 2210 296 2244 P
321 2210 326 2252 Ι
361 2207 550 2243 sinistrum
577 2208 737 2243 docebat
762 2208 806 2242 H
830 2207 834 2252 1
869 2206 908 2241 id
933 2218 999 2244 om.
1026 2207 1071 2242 H
1093 2211 1099 2248 1
1132 2210 1178 2241 20
1204 2217 1248 2242 ea
1273 2218 1339 2244 om.
1368 2207 1406 2242 P
1429 2208 1435 2252 Ι
1469 2210 1515 2243 23

162 2255 461 2298 redintegritatis
487 2255 542 2299 H,
566 2256 627 2290 sed
652 2254 719 2289 red
745 2256 786 2289 in
813 2266 882 2290 ras.
903 2255 927 2289 h
949 2256 954 2298 Ι
977 2257 1022 2289 24
1047 2254 1211 2289 Maurius
1227 2254 1268 2288 H
1287 2256 1292 2298 Ι
1321 2257 1366 2290 28
1378 2253 1516 2300 inquit]

163 2304 264 2348 quod
289 2303 331 2338 H
339 2304 348 2323 ¹
376 2306 380 2347 1
419 2303 517 2348 quod
543 2302 588 2337 H
610 2305 693 2337 ante
720 2313 791 2337 ras.
823 2305 826 2346 Ι
862 2306 906 2336 29
931 2301 1162 2346 pellerentur
1189 2299 1303 2338 Gron.
