1612 2488
507 123 652 160 LIBER
674 122 736 160 lv.
775 121 877 158 CAP.
905 125 1009 157 5—6.
1347 117 1432 159 133

84 250 177 279 rem
202 237 344 278 autem
371 233 550 276 uixisse:
579 231 708 275 fidem
733 233 882 274 tamen
907 242 1078 272 seruare
1098 226 1309 271 Romanis
1340 241 1435 283 per-

87 296 405 338 seuerauerunt.

175 354 246 396 21.
277 351 480 407 Cyzicum
505 364 601 392 cum
632 350 903 405 oppugnaret
921 346 1209 399 Mithridates,
1240 344 1436 400 captiuos

87 413 178 455 eius
221 411 341 454 urbis
384 409 587 466 produxit
629 407 901 462 ostenditque
943 406 1156 459 obsessis,
1199 404 1436 447 arbitratus

87 471 298 524 futurum,
333 471 383 512 ut
413 467 689 510 miseratione
722 480 895 509 suorum
929 464 1207 520 compelleret
1237 463 1291 506 ad
1323 462 1438 504 dedi·
1462 471 1484 504 5

87 529 253 572 tionem
283 527 536 583 oppidanos:
568 529 614 568 at
644 526 709 568 illi
737 524 952 568 cohortati
983 524 1036 565 ad
1068 522 1319 578 patiendam
1350 521 1438 564 for-

88 588 193 630 titer
223 589 406 629 mortem
444 585 639 640 captiuos
677 598 849 626 seruare
881 582 1091 625 Romanis
1128 582 1257 623 fidem
1296 594 1438 636 perse-

89 648 361 689 uerauerunt.

179 705 248 747 22.
292 703 587 759 ὃθςοιιίευεθε,
619 717 714 744 cum
741 716 766 744 a
783 700 986 744 Viriatho
1018 701 1084 742 his
1110 699 1236 742 liberi
1269 701 1310 740 et
1342 711 1439 740 con-

90 764 213 818 iuges
252 762 548 815 redderentur,
592 762 960 815 praeoptauerunt
997 762 1190 815 spectare
1230 757 1440 813 supplicia
1466 767 1510 799 10

90 823 322 878 pignorum
354 835 546 875 suorum,
578 834 706 874 quam
739 834 765 861 a
795 818 1005 861 Romanis
1037 818 1227 860 deficere.

180 881 251 924 23.
292 878 564 932 Numantini,
600 893 654 920 ne
688 892 733 920 se
772 877 994 932 dederent,
1031 877 1144 919 fame
1176 875 1287 918 mori
1317 888 1439 930 prae·

91 940 188 982 fixis
218 939 384 981 foribus
415 938 619 980 domuum
651 952 822 979 suarum
854 937 1108 978 maluerunt.

317 1077 379 1112 VI.
417 1077 481 1111 DE
507 1075 727 1111 AFFECTU
754 1075 815 1110 ET
843 1073 1209 1110 MODERATIONE.

185 1175 225 1217 1.
266 1173 315 1223 Q.
355 1172 518 1215 Fabius
561 1172 763 1214 hortante
807 1171 918 1224 filio,
964 1173 1013 1212 ut
1055 1170 1197 1212 locum
1240 1168 1441 1211 idoneum
1468 1178 1511 1213 15

92 1246 327 1288 paucorum
357 1232 524 1273 iactura
555 1233 744 1285 caperet,
784 1229 950 1285 ³uisne',
981 1229 1141 1284 inquit,
1174 1228 1238 1270 ‘tu
1269 1243 1320 1270 ex
1352 1227 1441 1269 illis

93 1291 243 1346 paucis
275 1289 417 1332 esseP'
1455 1326 1467 1338 ,

183 1349 225 1391 2.
253 1348 508 1402 Xenophon,
534 1361 630 1389 cum
650 1361 758 1402 equo
778 1348 1005 1390 ueheretur
1031 1349 1075 1388 et
1099 1347 1266 1402 pedites
1292 1345 1442 1400 iugum

96 1407 309 1463 quoddam
335 1420 543 1461 occupare
567 1406 777 1460 iussisset,
805 1421 936 1448 unum
963 1420 1014 1447 ex
1033 1406 1095 1447 eis
1116 1405 1443 1447 obmurmuran-

95 1470 185 1508 tem
234 1465 366 1521 [quod
409 1464 585 1517 diceret]
631 1464 867 1519 (audiens)
910 1465 1035 1507 facile
1084 1466 1175 1506 tam
1224 1463 1442 1506 laboriosa
1467 1472 1512 1506 20

97 1525 316 1568 sedentem
353 1524 580 1579 imperare,
626 1523 800 1566 desiluit
838 1527 883 1566 et
919 1523 1139 1579 gregalem
1176 1536 1286 1577 equo
1323 1522 1443 1576 inpo-

97 1584 206 1636 suit,
255 1597 381 1625 cursu
429 1584 521 1636 ipse
572 1582 624 1623 ad
674 1582 938 1624 destinatum
981 1583 1130 1637 iugum
1169 1581 1444 1623 contendens,

53 1667 58 1671 ·
97 1642 216 1684 cuius
241 1641 346 1683 facti
369 1640 568 1682 ruborem
595 1655 690 1682 cum
716 1641 884 1695 perpeti
915 1641 1040 1682 miles
1071 1654 1158 1681 non
1183 1642 1350 1695 posset,
1381 1640 1444 1679 in-

97 1699 336 1742 ridentibus
390 1698 755 1741 commilitonibus
811 1702 964 1754 sponte
1014 1698 1254 1740 descendit:
1303 1697 1444 1739 Xeno·

97 1758 305 1814 phontem
348 1757 421 1798 uix
464 1757 654 1798 uniuersi
697 1757 995 1812 perpulerunt,
1043 1759 1093 1798 ut
1140 1756 1444 1798 conscenderet
1469 1764 1514 1798 25

195 1889 215 1920 3
242 1895 325 1920 cum
351 1894 418 1919 om.
441 1883 478 1918 P
497 1886 502 1927 1
524 1887 546 1918 4
571 1883 684 1919 uerba
707 1883 809 1919 urbis
835 1904 879 1910 —
905 1884 1241 1929 perseuerauerunt
1263 1893 1330 1919 om.
1351 1883 1396 1917 H
1402 1882 1413 1902 ¹
1436 1882 1440 1929 Ι

98 1934 120 1966 5
140 1943 287 1967 suorum
329 1941 455 1966 eorum
474 1932 531 1966 uel
557 1929 741 1966 sociorum
760 1932 784 1966 d
806 1932 811 1974 Ι
840 1935 859 1966 9
886 1930 1130 1976 Segouienses
1155 1931 1180 1966 d
1209 1930 1290 1976 Ego
1316 1930 1444 1965 uiuen-

99 1989 158 2014 ses
183 1978 270 2014 GH
341 1977 630 2023 Segobrigenses
657 1977 732 2019 Syr.
760 1980 766 2022 Ι
806 1977 977 2013 auriatho
1002 1978 1060 2013 11¹
1096 1980 1102 2022 1
1141 1977 1199 2012 his
1221 1978 1258 2012 P
1274 1976 1305 2012 is
1326 1977 1414 2012 GH
1433 1977 1445 2043 l

97 2025 225 2106 {liberis
238 2025 294 2107 ἕ
302 2025 314 2045 ¹
347 2025 352 2070 Ι
394 2028 438 2060 10
463 2025 703 2060 caederentur
726 2025 751 2060 d
784 2026 789 2069 Ι
830 2028 872 2059 13
900 2025 1075 2061 domuum
1099 2025 1168 2060 hP
1204 2024 1356 2060 dominu
1383 2023 1426 2058 H

125 2082 212 2107 omu

197 2122 241 2154 14
266 2119 401 2154 aflectu
425 2120 450 2155 d
475 2118 608 2154 effectu
637 2117 722 2153 GH
726 2118 786 2163 ΡΙ
816 2122 859 2154 15
886 2118 1043 2161 Quintus
1070 2119 1156 2155 GH
1179 2117 1351 2161 Quintius
1377 2117 1414 2151 P
1437 2117 1442 2163 Ι

99 2165 316 2201 idoneorum
342 2165 376 2201 G
403 2167 408 2211 Ι
440 2169 484 2201 18
515 2166 658 2210 zephon
683 2165 729 2200 Η
735 2165 746 2184 ¹
774 2166 781 2210 Ι
811 2170 856 2201 20
882 2167 980 2210 quod
1007 2166 1148 2202 diceret
1177 2167 1351 2212 ylossema
1375 2174 1446 2199 esse

99 2213 198 2248 uidit
224 2212 336 2249 Oud..·
360 2213 406 2256 cf.
427 2213 548 2258 praef.
573 2211 601 2258 ἕ
620 2215 666 2247 13
689 2212 695 2257 1
724 2212 878 2248 audiens
901 2214 1072 2259 supplem:
1098 2216 1103 2256 1
1130 2224 1205 2248 uno
1232 2223 1272 2247 ex
1302 2212 1355 2246 eis
1381 2210 1444 2246 ob-

101 2259 353 2295 murmurante
385 2269 429 2295 ac
462 2259 609 2294 dicente
641 2258 718 2295 Ser.
762 2271 929 2304 unusque
962 2272 1007 2296 ex
1045 2260 1097 2296 eis
1131 2258 1444 2295 obmurmurando

101 2306 243 2342 diceret
263 2306 354 2342 oud.
378 2308 383 2351 Ι
405 2309 447 2342 21
466 2305 649 2351 imperare
668 2316 734 2342 om.
749 2306 787 2341 P
804 2309 809 2351 Ι
838 2309 882 2342 22
901 2307 982 2352 ipse
1002 2305 1167 2352 pedestri
1186 2306 1233 2342 ad
1247 2306 1271 2341 d
1293 2306 1299 2349 Ι
1321 2308 1365 2340 23
1384 2316 1445 2339 ru-

101 2363 241 2388 morem
261 2352 294 2389 G
316 2354 322 2398 Ι
342 2357 388 2389 24
413 2352 648 2388 xenofontem
671 2352 705 2388 G
729 2353 998 2398 zenophontem
1019 2353 1066 2388 H
1082 2353 1087 2399 1
1110 2357 1155 2388 25
1181 2352 1405 2398 pepulerunt
1422 2352 1446 2388 h
