1534 2528
99 94 133 129 X
632 93 917 130 PRAEFATIO.

101 207 166 245 ter
192 203 381 245 codicem
410 202 453 245 P
477 202 795 258 comprehendi,
826 203 1062 245 maximam
1086 203 1255 257 partem
1282 203 1453 245 saeculo

100 262 205 305 XIV
231 263 298 304 uel
324 262 406 304 XV
433 264 642 304 exaratos.
688 262 852 304 Eorum
884 262 1143 304 uetustiores
1169 261 1454 329 melioresque

101 328 203 364 sunt
234 322 353 363 Harl.
381 321 510 375 2729,
550 320 1141 364 oxoniensis-Lincolniensis
1170 321 1266 372 100,
1297 320 1454 363 Parisi-

98 396 179 423 nus
205 381 342 436 5802,
374 380 596 422 Gudianus
627 381 699 436 16,
731 380 782 422 de
815 380 972 435 quibus
1004 380 1072 435 egi
1103 379 1150 422 in
1182 379 1454 422 Commenta-

99 441 293 482 tionibus
325 440 431 495 phil.
456 439 622 482 Ienens.
646 439 681 494 I,
711 455 752 495 p.
778 440 832 481 97
858 454 918 494 sq.
951 453 1215 494 quorumque
1247 438 1453 482 lectiones

100 500 227 541 attuli
250 500 352 542 ibid.
371 515 411 555 p.
435 499 516 542 111
535 513 597 554 sq.
623 501 667 540 et
691 514 731 553 p.
755 499 851 542 136.
890 499 942 540 In
966 498 1035 540 his
1063 500 1207 540 autem
1234 498 1453 541 codicibus

100 573 361 614 quamquam
375 559 445 601 hic
458 558 547 600 illic
561 558 759 613 exempla
772 558 977 614 leguntur
991 558 1295 612 emendatiora,
1307 560 1455 600 tamen

99 633 185 660 non
213 619 423 660 sinceram
449 617 679 660 lectionem
701 622 930 672 seruatam,
957 617 1031 659 sed
1051 618 1298 672 corruptam
1324 631 1460 673 opera-

99 678 292 719 uirorum
327 677 552 719 doctorum
584 679 738 732 postea
769 676 940 718 demum
967 678 1204 719 correctam
1237 690 1330 718 esse
1360 677 1455 718 tan-

98 739 191 779 tum
215 751 303 779 non
328 736 486 791 ubique
513 735 793 777 manifestum
822 739 898 777 est.
949 734 1073 785 Quod
1105 750 1202 778 cum
1233 735 1297 777 ita
1327 737 1454 790 esset,

97 810 153 838 ne
193 795 419 838 adnotatio
456 795 586 837 nimis
626 795 910 849 adcresceret,
954 809 1040 837 una
1082 797 1187 837 nota
1217 795 1247 837 d
1281 794 1454 850 signare

99 856 205 897 satis
237 854 371 896 habui
403 854 610 897 lectiones
643 854 939 909 undecumque
973 854 1191 896 collectas.

191 912 404 969 Catalogo
431 917 575 956 autem
603 913 795 956 codicum
823 915 1180 969 strategematon,
1205 927 1332 968 quem
1357 912 1455 955 dedi

98 973 145 1015 in
160 971 609 1015 Commentationibus
624 973 890 1027 p.93—110,
911 976 1186 1014 accesserunt
1202 971 1249 1014 hi
1269 971 1454 1014 codices:

125 1044 159 1088 1)
186 1042 339 1077 Parisin.
371 1041 438 1076 lat.
462 1044 579 1076 18104
610 1051 705 1076 saec.
727 1040 813 1075 XIII
838 1041 900 1076 fol.
924 1044 1165 1076 18611—18'1u
1196 1042 1371 1086 excerpta.
1408 1052 1453 1076 ex

188 1090 367 1134 quattuor
391 1088 497 1124 libris
525 1089 704 1124 continet.

122 1139 158 1182 2)
186 1137 466 1172 Lambethanus
493 1135 771 1181 (Londinensis)
799 1138 866 1170 752
893 1145 990 1170 saec.
1011 1134 1114 1171 XIV:
1145 1134 1356 1171 Frontinus.
1380 1134 1454 1171 Ve-

212 1184 317 1219 etius.
1254 1194 1258 1195 ⁷

121 1233 157 1277 3)
184 1197 403 1267 &oniensis
427 1230 466 1265 in
490 1229 580 1266 bibl.
608 1229 817 1265 Bodleiana
842 1229 949 1265 Auct.
977 1229 1010 1266 J.
1031 1233 1064 1265 3.
1087 1234 1118 1267 1.
1146 1241 1242 1266 saec.
1262 1229 1341 1266 XV.
1378 1229 1451 1266 Ve-

186 1279 320 1323 getius.
346 1278 556 1313 Frontinus.

121 1329 157 1370 4)
182 1325 480 1371 Phillippsianus
507 1323 882 1369 (Cheltenhamensis)
908 1328 1000 1360 8533
1028 1335 1124 1361 saec.
1145 1325 1224 1361 XV.

123 1375 158 1419 5)
185 1372 482 1418 Phillippsianus
509 1376 625 1408 23619
653 1383 749 1407 saec.
769 1371 848 1406 XV.

121 1422 156 1466 6)
182 1420 476 1465 Phillippsianus
497 1423 589 1455 3706
610 1430 704 1455 saec.
725 1418 794 1453 XV
814 1418 985 1454 Frontini
1006 1419 1275 1467 strategemata
1295 1420 1334 1455 et
1352 1429 1452 1455 com-

185 1468 410 1502 mentarium
437 1467 483 1503 de
509 1468 745 1511 aquaeductu
771 1465 976 1503 continens.

126 1518 160 1559 7)
188 1514 508 1597 Cantag‘xisgiensis
533 1515 571 1549 in
598 1513 756 1559 collegio
785 1514 820 1549 S.
842 1512 1039 1550 Trinitatis
1058 1514 1167 1559 (Gale
1186 1514 1270 1560 ms.)
1296 1513 1338 1549 O.
1352 1517 1384 1550 9.
1405 1517 1450 1549 21

185 1573 281 1598 saec.
373 1591 380 1598 .

121 1611 156 1654 8)
181 1609 413 1645 Burneianus
439 1613 507 1645 232
541 1620 638 1644 saec.
659 1608 743 1644 XV:
777 1608 879 1644 dicta
904 1609 942 1644 et
973 1609 1075 1645 facta
1100 1610 1161 1655 (ex
1185 1607 1365 1644 Frontino
1390 1619 1453 1643 ex-

185 1658 315 1702 cerpta
334 1686 339 1692 .

120 1706 155 1749 9)
181 1659 443 1740 Plantigianus
459 1703 511 1748 (in
526 1714 655 1739 museo
669 1702 910 1739 Plautiniano
924 1703 1178 1748 Antwerpiae)
1193 1707 1237 1739 38
1249 1712 1342 1738 saec.
1353 1701 1451 1737 XIV.

98 1754 157 1797 10)
183 1751 426 1787 Bononiensis
453 1750 544 1787 bibl.
570 1751 763 1786 uniuersit.
785 1755 878 1786 2249
905 1753 1004 1797 (159)
1031 1761 1127 1787 saec.
1146 1749 1243 1785 XIV.

100 1800 159 1845 11)
186 1800 421 1835 Florentinus
447 1798 538 1834 bibl.
564 1799 769 1834 nationalis
795 1799 861 1836 lat.
882 1798 976 1835 XIX.
998 1803 1032 1834 9.
1052 1801 1097 1833 95
1124 1808 1222 1834 saec.
1241 1796 1322 1832 XV.

195 1846 371 1882 Codicum
393 1847 689 1892 strategematon
708 1846 848 1881 mentio
869 1847 912 1882 fit
938 1849 974 1885 a)
995 1844 1230 1882 Corbeiensis
1250 1845 1452 1889 (a.1149?)‚

98 1893 144 1929 cf.
166 1894 232 1928 Ph.
252 1893 359 1937 Jaff6,
385 1894 476 1928 bibl.
496 1894 512 1927 1
540 1894 662 1939 (1864)
689 1906 725 1939 p.
747 1897 827 1930 328.
878 1894 917 1939 b)
943 1892 1212 1936 Werdinensis,
1238 1891 1284 1928 cf.
1309 1890 1451 1936 Haupt,

97 1940 349 1976 Zeitschriftl
377 1942 499 1986 (1841)
527 1944 605 1976 321.
657 1942 691 1986 c)
717 1939 1052 1976 Laureshamensis
1087 1938 1251 1985 (saeculo
1271 1937 1323 1973 XI
1345 1939 1452 1973 uetu-

95 1987 252 2032 stior-is),
285 1987 331 2023 cf.
359 1987 400 2022 G.
427 1987 589 2032 Becker,
624 1988 797 2034 Catalogi
823 1990 944 2033 (1885)
971 1992 1028 2032 37,
1054 1990 1136 2023 433.
1185 1987 1224 2032 d)
1254 1985 1451 2021 Beccensis

99 2035 262 2079 (saeculo
288 2035 357 2069 XII
382 2034 631 2080 uetustioris)‚
658 2036 704 2071 cs.
725 2037 748 2071 l.
768 2035 792 2072 1.
814 2039 870 2080 86,
893 2039 948 2073 76.

185 2098 211 2149 ξ
240 2097 277 2138 7.
319 2095 484 2138 Paulus
515 2110 611 2150 cum
643 2096 828 2151 Eutropi
870 2096 1131 2138 breuiarium
1170 2095 1349 2150 augeret
1379 2090 1450 2148 (cf.

98 2156 152 2198 H.
179 2155 389 2210 Droysen,
421 2155 484 2197 ed.
520 2155 619 2196 mai.
650 2170 690 2209 p.
709 2154 896 2197 XXXIX
928 2158 972 2197 et
1001 2170 1042 2210 p.
1060 2155 1135 2197 48:
1161 2154 1231 2196 53.
1263 2152 1332 2195 54.
1363 2151 1453 2207 59),

97 2215 287 2270 quinque
313 2216 622 2269 strategemata
647 2213 847 2256 Frontini
873 2213 932 2270 (4,
952 2214 991 2266 5,
1010 2215 1040 2256 4
1056 2213 1170 2255 -=P.
1190 2213 1230 2268 3,
1249 2212 1292 2265 ὃς
1319 2212 1360 2266 2,
1372 2211 1449 2265 2,7

98 2294 152 2308 =
168 2274 214 2315 P.
241 2275 280 2328 3,
303 2274 375 2328 103
407 2274 447 2326 4,
467 2273 506 2328 5,
528 2273 643 2314 5-6
660 2293 715 2306 --
738 2273 784 2315 Ρ.
810 2274 849 2326 3,
873 2273 946 2327 103
984 2273 1025 2328 2,
1047 2273 1113 2327 11,
1133 2273 1231 2315 5=
1248 2270 1294 2314 P.
1313 2270 1354 2325 3,
1375 2267 1449 2324 15)

99 2333 343 2388 exscripsit,
379 2333 496 2374 illius
533 2334 678 2374 tamen
716 2332 861 2374 uerbis
901 2332 1005 2374 adeo
1042 2346 1130 2374 non
1167 2329 1365 2384 seruatis,
1401 2330 1451 2370 ut
