1578 2508
74 537 94 568 5

54 833 98 864 10

55 1129 99 1160 15

54 1424 100 1455 20

54 1719 99 1750 25

118 118 147 160 4
393 118 493 154 IULI
517 118 753 155 FRONTINI
779 118 1213 157 STRATEGEMATON

410 261 438 297 Ι.
477 261 540 296 DE
568 260 906 297 OCCULTANDIS
934 259 1182 298 CONSILIIS.

214 347 250 388 1.
290 345 347 388 Μ.
379 344 557 388 Porcius
590 344 698 388 Cato
737 346 930 388 deuictas
963 361 988 388 a
1021 360 1066 388 se
1098 345 1336 402 Hispaniae
1374 346 1476 390 ciui-

120 407 234 448 tates
268 404 548 447 existimabat
579 405 624 446 in
655 407 852 461 tempore
882 405 1167 447 rebellaturas
1197 405 1355 448 fiducia
1385 421 1475 449 mu-

120 479 279 508 rorum.
313 464 487 518 scripsit
503 464 651 519 itaque
671 464 870 519 singulis,
889 467 938 506 ut
957 464 1177 507 diruerent
1195 464 1476 520 munimenta,

121 524 312 566 minatus
350 524 532 578 bellum,
570 523 658 566 m'si
695 523 922 566 confestim
962 524 1354 579 obtemperassent,
1393 523 1478 580 epi-

123 584 344 638 stulasque
376 583 589 625 uniuersis
622 582 872 625 ciuitatibus
905 582 1054 625 eodem
1087 583 1154 625 die
1179 583 1300 625 reddi
1330 584 1476 626 iussit:

122 656 404 698 unaquaeque
434 641 607 684 urbium
639 642 724 684 sibi
750 642 832 684 soli
858 642 1038 684 credidit
1067 642 1348 699 imperatum;
1379 657 1478 686 con-

122 705 315 744 tumaces
355 701 620 757 conspiratio
658 701 802 756 potuit
843 701 1004 757 facere,
1048 702 1085 744 si
1123 701 1325 744 omnibus
1362 702 1478 745 idem

124 761 368 803 denuntiari
398 763 551 802 notum
583 760 748 802 fuisset.

213 821 252 863 2.
284 819 474 862 Himilco
507 820 593 861 dux
617 819 876 874 Poenorum,
907 822 957 862 ut
986 820 1032 861 in
1064 817 1254 862 Siciliam
1285 819 1477 875 inopina-

123 882 194 921 tus
233 879 472 934 appelleret
508 879 710 933 classem,
747 894 836 921 non
872 878 1189 935 pronuntiauit,
1227 893 1312 934 quo
1348 879 1479 935 profi-

125 938 375 993 cisceretur,
402 938 474 980 sed
502 938 705 992 tabellas,
731 938 777 980 in
803 938 956 994 quibus
983 937 1194 993 scriptum
1219 939 1324 994 erat,
1349 953 1480 994 quam

124 1000 296 1052 partem
345 997 436 1052 peti
483 997 635 1052 uellet,
687 997 900 1039 uniuersis
949 996 1313 1052 gubernatoribus
1364 997 1481 1040 dedit

127 1057 322 1112 signatas
353 1055 678 1111 praecepitque,
714 1070 768 1098 ne
801 1055 898 1111 quis
930 1056 1095 1112 legeret
1125 1056 1211 1099 nisi
1241 1056 1287 1098 ui
1318 1059 1479 1112 tempe-

125 1116 252 1160 statis
284 1131 311 1158 a
340 1129 468 1157 cursu
499 1115 742 1170 praetoriae
772 1115 897 1157 nauis
930 1115 1153 1157 abductus.

214 1175 254 1217 3.
286 1173 331 1218 C.
349 1174 535 1230 Laelius,
561 1174 615 1216 ad
638 1173 878 1230 Syphacem
902 1174 1121 1229 profectus
1147 1174 1331 1230 legatus,
1356 1188 1480 1229 quos-

126 1234 225 1276 dam
258 1248 309 1276 ex
333 1234 519 1276 tribunis
553 1236 596 1275 et
621 1233 945 1276 centurionibus
976 1247 1054 1289 per
1078 1234 1267 1288 speciem
1298 1233 1480 1279 seruitu-

125 1294 182 1335 tis
216 1308 264 1335 ac
296 1292 527 1335 ministerii
560 1293 858 1348 exploratores
892 1307 1035 1335 secum
1067 1292 1207 1335 duxit:
1241 1307 1293 1334 ex
1324 1292 1479 1348 quibus

124 1352 172 1395 L.
192 1351 450 1407 Statorium,
476 1352 550 1407 qui
581 1352 754 1407 saepius
785 1352 830 1393 in
861 1351 1000 1394 isdem
1032 1351 1186 1394 castris
1210 1351 1353 1394 fuerat
1378 1351 1479 1406 <et>

127 1426 254 1467 quem
280 1411 455 1466 quidam
482 1426 533 1453 ex
557 1411 757 1454 hostibus
782 1411 1042 1453 uidebantur
1066 1424 1317 1466 agnoscere,
1341 1411 1480 1453 occul-

125 1471 285 1513 tandae
317 1471 583 1513 condicionis
615 1470 706 1512 eius
739 1485 870 1513 causa
901 1470 1054 1512 baculo
1080 1473 1130 1512 ut
1155 1484 1328 1512 seruum
1353 1469 1480 1512 casti-

126 1530 260 1585 gauit.

214 1589 253 1632 4.
286 1588 544 1644 Tarquinius
570 1587 788 1643 Superbus
814 1591 949 1644 pater,
975 1588 1192 1644 principes
1214 1587 1480 1631 Gabinorum

125 1647 444 1691 interficiendos
471 1647 720 1703 arbitratus,
746 1647 846 1703 quia
870 1647 953 1690 hoc
977 1647 1142 1690 nemini
1161 1647 1341 1690 uolebat
1365 1661 1481 1689 com-

127 1708 326 1763 missum,
371 1707 483 1749 nihil
519 1708 673 1749 nuntio
710 1707 951 1762 respondit,
991 1707 1065 1762 qui
1103 1706 1156 1748 ad
1193 1720 1291 1748 eum
1328 1720 1354 1748 a
1388 1706 1480 1748 filio

127 1769 221 1808 erat
239 1767 417 1821 missus3
444 1769 615 1809 tantum
635 1765 760 1822 uirga
780 1766 1014 1808 eminentia
1038 1780 1305 1821 papauerum
1324 1765 1480 1820 capita,

225 1899 242 1929 1
270 1894 436 1930 occuldis
461 1894 506 1928 H
510 1894 520 1913 ¹
549 1896 553 1937 Ι
588 1898 608 1929 3
636 1894 900 1930 existimabant
924 1894 970 1929 H
990 1897 1074 1930 ante
1097 1903 1171 1929 ras.
1199 1893 1206 1938 Ι
1240 1896 1261 1928 ὅ
1287 1891 1480 1938 epistolas-

126 1952 198 1987 que
224 1942 283 1984 H,
318 1942 380 1977 sed
404 1942 467 1977 alt.
495 1953 514 1977 e
539 1943 581 1977 in
606 1952 678 1978 ras.
706 1942 865 1977 duarum
891 1941 958 1976 litt.
985 1941 1009 1976 h
1043 1941 1048 1985 Ι
1089 1943 1109 1975 7
1134 1949 1403 1986 unaquaequae
1428 1939 1480 1982 H,

125 1990 187 2024 sed
206 1990 314 2032 prior
341 2000 360 2024 e
385 1989 427 2024 in
451 2000 525 2024 ras.
550 1990 574 2025 h
596 1989 601 2035 Ι
632 1988 752 2024 credit
779 1987 866 2023 GH
884 1990 888 2031 1
911 1988 1055 2033 aliquid
1077 1987 1138 2023 hic
1162 1987 1336 2023 excidisse
1360 1987 1481 2022 imme-

127 2038 199 2072 rito
223 2036 436 2081 suspicatur
458 2036 550 2072 Oud.
574 2038 579 2081 Ι
604 2040 646 2071 10
672 2035 861 2071 Himilcho
888 2035 922 2071 G
943 2034 948 2081 Ι
971 2033 1174 2080 inopinatis
1199 2033 1258 2070 ΗἸ
1279 2034 1286 2079 Ι
1317 2037 1363 2069 11
1387 2033 1481 2069 clas-

127 2095 204 2119 sem
219 2083 254 2119 G
279 2083 430 2119 classim
449 2083 486 2118 P
509 2083 726 2128 appelleret.
747 2082 859 2118 classi
878 2082 977 2118 enim
996 2091 1071 2117 non
1083 2081 1129 2116 H
1145 2083 1151 2124 Ι
1175 2085 1219 2116 14
1237 2081 1482 2126 tempei‘asset

127 2130 366 2177 tempestatis
394 2130 427 2166 G
455 2130 460 2177 Ι
503 2134 546 2166 16
578 2130 723 2175 legatos
749 2130 848 2174 ΗΡ,
880 2140 971 2166 corr.
997 2130 1023 2164 d
1059 2129 1205 2174 legatus
1237 2127 1356 2164 lectos
1387 2127 1479 2164 Oud.

130 2179 207 2214 coll.
229 2182 263 2222 1,
277 2182 316 2222 2,
329 2181 350 2213 1
375 2181 409 2214 et
427 2177 515 2214 Liu.
537 2181 598 2222 30,
617 2180 640 2212 4
662 2179 666 2222 Ι
691 2181 734 2213 17
762 2177 823 2224 ex]
851 2188 871 2213 e
890 2177 932 2212 in
950 2187 1023 2212 ras.
1041 2176 1200 2212 duarum
1219 2175 1288 2211 litt.
1308 2175 1332 2211 h
1357 2176 1395 2210 et
1416 2174 1454 2210 P

130 2230 173 2261 19
199 2226 239 2261 L.
256 2229 340 2271 post
358 2236 430 2261 ras.
445 2226 558 2261 unius
577 2225 755 2260 litteraeh
776 2226 781 2270 Ι
810 2223 1033 2267 sta{torium
1057 2225 1150 2266 (una
1170 2223 1236 2259 litt.
1260 2225 1381 2267 erasa)
1403 2222 1450 2258 H

129 2273 193 2317 qui
213 2273 322 2309 Goetz
348 2271 437 2318 quia
455 2273 540 2308 ΗΡ
570 2274 575 2317 1
611 2273 649 2307 et
673 2272 756 2308 add.
779 2273 804 2308 d
834 2282 961 2317 quem,
988 2271 1077 2315 quia
1096 2289 1141 2296 ———
1160 2269 1299 2314 fuerat,
1327 2269 1480 2315 quidam

131 2321 222 2356 oud.
258 2325 263 2365 Ι
298 2324 343 2356 23
369 2320 542 2366 princeps
567 2320 612 2355 H
633 2322 716 2355 ante
741 2330 832 2355 corr.
867 2319 874 2364 1
908 2318 1123 2355 sabinorum
1150 2316 1230 2354 GH
1232 2317 1277 2361 P,
1302 2327 1392 2354 corr.
1420 2318 1445 2353 d
1473 2317 1477 2362 Ι

129 2372 173 2403 26
201 2367 272 2403 erit
291 2368 349 2403 H¹
383 2369 389 2413 Ι
421 2369 548 2404 tamen
573 2368 597 2403 d
