1612 2488
125 734 168 765 10

121 1028 165 1061 15

117 1325 161 1356 20

117 1620 160 1652 25
187 1627 242 1667 qu

199 81 256 123 26
471 81 573 118 IULI
598 81 833 119 FRONTINI
858 81 1293 120 STRATEGEMATON

197 191 361 232 terunt.
398 190 571 233 relictos
604 189 819 233 Samnites
853 191 1084 247 Gallosque
1115 192 1274 236 Fabius
1307 196 1350 236 et
1383 195 1551 252 collega

198 248 357 291 Decius
391 250 588 305 adgressi
617 250 826 292 uicerunt.

286 309 326 350 4.
364 308 433 352 M.
467 307 622 351 Curius
656 309 863 352 aduersus
897 308 1098 365 Sabinos,
1131 311 1205 366 qui
1235 311 1401 368 ingenti
1433 327 1550 356 exer-

196 367 285 410 cit-u
329 368 573 423 conscripto
616 369 778 411 relictis
821 368 979 411 finibus
1023 369 1112 412 suis
1155 372 1329 413 nostros
1374 385 1551 428 occupa-

195 429 369 482 uerant,
410 427 590 470 occultis
629 428 858 470 itineribus
897 443 1072 471 manum
1110 429 1246 485 misit,
1283 444 1393 485 quae
1431 431 1551 475 deso-

196 486 309 528 latos
350 499 477 542 agros
518 501 665 530 eorum
697 488 900 543 uicosque
938 502 1017 543 per
1048 488 1220 531 diuersa
1250 489 1549 534 incenderunt:

195 544 346 587 Sabini
367 545 419 587 ad
441 545 670 588 arcendam
690 546 971 589 domesticam
991 547 1246 590 uastitatem
1262 551 1549 606 recesserunt3

195 602 326 647 Curio
365 605 550 672 contigit
587 608 631 648 et
669 620 829 648 uacuos
874 606 1081 648 infestare
1125 606 1317 650 hostium
1359 607 1468 651 fines
1506 611 1550 651 et

193 665 427 706 exercitum
472 665 562 706 sine
603 664 770 720 proelio
809 667 1003 708 auertere
1041 680 1323 722 sparsumque
1361 667 1549 710 caedere.

283 722 321 765 5.
367 723 414 765 Τ.
446 722 617 775 Didius,
658 725 874 779 paucitate
907 739 1083 766 suorum
1114 725 1330 781 diffidens,
1366 740 1462 769 cum
1501 727 1546 770 in

193 781 428 824 aduentum
458 797 604 824 earum
636 783 868 838 legionum,
899 798 1005 839 quas
1032 783 1324 840 exspectabat,
1354 785 1548 829 traheret

190 840 354 883 bellum
388 844 432 884 et
464 856 685 884 occurrere
718 843 778 884 eis
810 842 982 885 hostem
1014 843 1312 899 comperisset,
1347 845 1546 887 contione

192 900 404 942 aduocata
442 901 584 955 aptari
622 901 752 943 iussit
789 901 951 944 milites
993 902 1047 944 ad
1083 915 1275 958 pugnam
1313 917 1362 946 ac
1400 903 1452 946 de
1482 903 1548 946 in-

191 959 359 1001 dustria
407 961 707 1026 neglegentius
757 961 962 1002 custodiri
1018 962 1224 1016 captiuos.
1289 976 1341 1004 ex
1391 962 1546 1019 quibus

189 1019 334 1085 pauci,
384 1019 457 1074 qui
507 1018 809 1075 profugerant,
859 1020 1172 1062 nuntiauerunt
1220 1021 1308 1063 suis
1351 1035 1544 1078 pugnam

189 1078 419 1120 inminere.
463 1081 506 1119 et
531 1078 612 1133 illi,
642 1092 696 1120 ne
722 1078 832 1132 su<b
854 1078 1204 1134 ex>spectatione
1233 1079 1390 1135 proelii
1422 1080 1544 1123 didu-

190 1140 336 1179 cerent
373 1137 499 1191 uiris,
539 1137 779 1179 omiserunt
810 1151 1030 1180 occurrere
1063 1138 1143 1193 eis,
1183 1139 1337 1194 quibus
1369 1139 1544 1182 insidia-

189 1196 367 1238 bantur:
399 1196 593 1252 legiones
625 1197 843 1239 tutissime
874 1197 994 1239 nullo
1024 1197 1261 1252 excipiente
1288 1197 1341 1239 ad
1367 1197 1544 1242 Didium

189 1259 491 1310 peruenerunt.

280 1315 318 1357 6.
351 1314 472 1357 Bello
504 1314 667 1357 Punico
700 1314 912 1370 quaedam
943 1315 1160 1371 ciuitates,
1192 1330 1303 1371 quae
1333 1330 1360 1358 a
1383 1315 1544 1360 Roma·

187 1375 255 1417 nis
302 1373 481 1416 deficere
525 1373 579 1416 ad
622 1373 789 1416 Poenos
833 1374 1180 1430 destinauerant,
1205 1389 1326 1417 -cum
1370 1375 1542 1419 obsides

187 1433 423 1487 dedissent,
455 1447 563 1487 quos
595 1433 785 1488 recipere
818 1436 1049 1489 antequam
1082 1433 1370 1476 desciscerent
1399 1435 1543 1477 stude-

186 1493 312 1546 bant,
352 1492 665 1534 simulauerunt
704 1492 959 1535 seditionem
996 1492 1111 1534 inter
1145 1492 1354 1535 finitimos
1388 1495 1542 1549 ortam,

188 1566 316 1607 quam
354 1550 648 1593 Romanorum
686 1551 820 1606 legati
859 1551 1059 1593 dirimere
1098 1551 1322 1606 deberent,
1365 1551 1542 1595 missos·

247 1626 268 1653 e
301 1625 374 1652 eos
407 1610 528 1652 uelut
558 1612 776 1653 contraria
812 1611 997 1666 pignora
1027 1610 1299 1652 retinuerunt
1328 1625 1408 1654 nec
1439 1614 1541 1654 ante

184 1669 482 1724 reddiderunt,
514 1684 643 1726 quam
675 1669 760 1724 ipsi
791 1670 1082 1725 reciperarent
1113 1683 1227 1712 suos,

276 1730 312 1771 7.
351 1728 505 1784 Legati
531 1728 846 1784 Romanorum,
873 1743 970 1771 cum
995 1728 1179 1783 mis<si>
1205 1731 1350 1771 essent
1375 1728 1429 1772 ad
1449 1728 1540 1772 An-

185 1788 379 1830 tiochum
424 1801 589 1843 regem,
639 1788 712 1843 qui
758 1802 902 1830 secum
943 1787 1235 1830 Hannibalem
1278 1787 1407 1830 uictis
1449 1787 1539 1832 iam

279 1908 300 1938 3
326 1902 374 1938 Μ.
390 1903 436 1938 H
439 1903 484 1946 P,
511 1914 573 1939 em.
591 1903 671 1939 Ser.
695 1904 699 1949 Ι
723 1908 743 1939 6
769 1904 938 1939 incendit
959 1903 1012 1938 P:
1037 1914 1087 1939 an
1111 1903 1353 1949 incenderent
1375 1902 1396 1938 ἓ
1416 1904 1423 1947 Ι
1451 1905 1472 1938 8
1499 1905 1538 1940 et

183 1961 250 1986 om.
266 1950 310 1985 H
329 1952 334 1995 Ι
365 1953 408 1985 10
433 1950 618 1994 paucitati
637 1952 662 1986 d
684 1954 688 1995 Ι
716 1951 998 1986 inadinuentum
1018 1951 1065 1986 H
1082 1953 1087 1995 Ι
1118 1953 1160 1986 15
1179 1949 1426 1995 profugerunt
1443 1949 1538 1994 ΗΡ,

183 2009 275 2034 corr.
298 1997 391 2033 Oud.
421 1998 426 2041 Ι
463 2001 505 2032 16
533 1999 571 2032 et
595 2009 661 2033 nos
687 2000 727 2033 at
751 1998 839 2034 ΗΡ
863 2000 869 2044 Ι
902 1998 971 2034 sub
997 1997 1273 2043 exspectatione
1298 1997 1433 2034 Hartel
1456 1998 1536 2034 coll.

185 2045 320 2081 Colum.
342 2047 382 2088 1,
402 2048 421 2079 1
462 2045 740 2089 suspectatione
766 2045 812 2081 H
818 2045 855 2080 P
889 2044 1127 2091 suspectione
1152 2045 1177 2080 d
1219 2043 1430 2090 suspicione
1454 2045 1534 2082 edd.

183 2091 463 2137 exspectatione
477 2090 576 2127 Oud..
594 2093 598 2136 Ι
622 2092 790 2137 proeliid
815 2092 968 2138 proeliis
982 2091 1027 2127 H
1030 2091 1089 2136 ΡΙ
1113 2090 1224 2126 atilli
1236 2090 1331 2126 nihil
1344 2091 1536 2147 suspicati,

181 2151 228 2175 ne
247 2139 399 2185 proeliis
419 2141 529 2174 antea
547 2142 806 2183 temptaueram
829 2143 834 2182 Ι
857 2140 1082 2175 deducerent
1100 2138 1146 2174 H
1149 2138 1194 2182 P
1219 2149 1282 2174 em.
1296 2139 1322 2174 d
1343 2140 1348 2183 Ι
1372 2141 1415 2174 17
1435 2138 1533 2176 uires

181 2187 220 2223 P
243 2188 248 2232 Ι
283 2186 353 2233 eis]
379 2187 418 2221 et
436 2186 482 2221 H
511 2187 517 2230 Ι
551 2185 798 2222 insidiabatur
818 2187 876 2222 H¹
909 2188 914 2231 Ι
949 2189 994 2221 20
1019 2186 1218 2231 exemplum
1243 2185 1404 2221 alienum
1425 2183 1558 2232 putat

189 2233 442 2270 lVaehsmuth:
473 2233 519 2277 cf.
543 2234 660 2278 praef.
687 2233 715 2279 ἕ
738 2236 760 2268 9
799 2235 805 2280 Ι
845 2237 889 2269 21
915 2232 1198 2268 destinauerunt
1221 2231 1268 2268 H
1273 2232 1325 2275 P
1349 2243 1442 2270 corr.
1466 2234 1494 2269 d
1524 2233 1530 2280 Ι

181 2281 356 2317 obsident
381 2280 439 2315 H¹
468 2281 472 2324 Ι
507 2284 552 2316 23
579 2280 823 2317 simulauerat
847 2280 894 2316 H
896 2280 906 2300 ¹
938 2279 1206 2315 simulauerant
1229 2279 1253 2314 h
1275 2281 1279 2324 Ι
1310 2283 1357 2316 26
1381 2290 1533 2327 recupe-

180 2330 306 2364 rarent
331 2328 369 2363 P
398 2329 404 2372 Ι
438 2331 482 2363 27
509 2327 611 2363 missi
637 2330 760 2363 essent
785 2329 811 2363 d
846 2328 963 2363 issent
987 2327 1034 2362 H
1065 2326 1258 2362 misissent
1279 2326 1316 2361 P
