1612 2488
540 103 686 140 LIBER
709 101 771 139 IV.
821 100 925 139 CAP.
952 105 984 138 7.
1357 98 1440 140 141

91 215 287 272 equitum
332 213 625 256 Romanorum
674 212 790 253 esset
838 224 990 252 manus
1040 223 1174 264 eaque
1224 221 1444 250 armorum

95 273 279 318 scientia
302 272 464 314 milites
490 270 729 324 conficeret,
755 283 832 312 ora
856 269 1086 323 oculosque
1111 282 1261 310 eorum
1286 266 1445 323 gladiis

94 332 186 389 peti
216 332 344 374 iussit
375 332 420 373 et
448 330 512 372 sic
542 343 693 372 auersa
722 328 831 370 facie
863 327 1009 370 cedere
1041 326 1196 382 coegit}

186 391 256 434 33.
298 388 503 444 Voccaei‚
539 403 636 431 cum
674 402 700 430 a
737 385 992 442 Sempronio
1030 384 1225 428 Graccho
1263 384 1446 427 conlatis

98 450 235 506 signis
265 449 541 505 urgerentur,
583 447 808 489 uniuersas
849 445 994 500 copias
1027 445 1195 487 cinxere
1225 443 1447 499 plaustris,
1473 454 1494 486 5

98 523 208 564 quae
241 508 514 562 inpleuerant
548 505 797 548 fortissimis
834 505 941 546 uiris
979 503 1180 546 muliebri
1210 505 1331 545 ueste
1361 505 1447 544 tec-

97 569 176 610 tis:
207 565 518 621 Sempronium,
541 567 764 619 tamquam
783 563 989 605 aduersus
1008 562 1193 604 feminas
1220 561 1448 604 audentius

99 626 154 669 ad
179 625 436 668 obsidendos
458 624 600 666 hostis
626 625 969 678 consurgentem,
999 621 1047 663 hi
1072 622 1146 676 qui
1169 621 1215 662 in
1239 620 1448 676 plaustris

98 687 224 727 erant
251 684 444 739 adgressi
473 682 745 738 fugauerunt.

189 743 259 786 34.
300 742 515 785 Eumenes
547 740 802 791 Cardianus,
832 754 883 781 ex
915 739 1237 782 successoribus
1262 738 1449 780 Alexan·
1476 750 1520 781 10

99 802 186 857 dri,
227 802 275 843 in
317 801 497 843 castello
541 799 730 855 quodam
774 798 967 852 clausus,
1010 798 1213 853 quoniam
1256 811 1450 839 exercere

104 875 238 917 equos
274 874 364 902 non
398 862 587 915 poterat,
631 858 760 900 certis
804 857 962 899 cotidie
978 856 1123 898 *horis
1165 856 1228 898 ita
1271 870 1451 911 suspen-

103 919 258 975 debat,
310 921 361 961 ut
414 917 727 973 posterioribus
785 915 964 971 pedibus
1019 916 1179 970 innixi,
1233 915 1450 970 prioribus

103 978 324 1031 alleuatis,
363 977 463 1020 dum
493 976 735 1019 naturalem
765 974 1003 1018 adsistendi
1033 977 1243 1030 appetunt
1273 988 1452 1017 consue-

105 1036 318 1090 tudinem,
349 1036 404 1078 ad
435 1035 635 1078 sudorem
666 1049 799 1090 usque
831 1048 956 1076 crura
984 1034 1208 1075 iactarent,
1479 1043 1521 1075 15

193 1095 263 1138 35.
305 1094 363 1137 M.
381 1093 492 1137 Cato
521 1093 825 1149 pollicentibus
857 1093 1056 1135 barbaris
1088 1093 1216 1135 duces
1246 1092 1453 1134 itinerum

104 1157 150 1196 et
178 1154 357 1210 insuper
391 1153 675 1208 praesidium,
711 1152 749 1194 si
779 1165 941 1207 magna
980 1166 1150 1193 summa
1180 1151 1243 1193 eis
1274 1151 1453 1205 promit-

102 1215 278 1268 teretur,
308 1226 397 1254 non
421 1211 638 1254 dubitauit
661 1211 867 1266 polliceri,
898 1210 1001 1266 quia
1026 1213 1102 1252 aut
1132 1210 1370 1252 uictoribus
1402 1223 1454 1251 ex

105 1272 255 1326 spoliis
286 1270 518 1313 hostilibus
548 1272 721 1324 poterat
752 1270 854 1311 dare
885 1272 961 1311 aut
989 1269 1229 1311 interfectis
1260 1269 1451 1310 exsolue-

106 1330 237 1372 batur
259 1329 485 1384 promisso.
1480 1338 1525 1369 ‘20

195 1388 266 1430 36.
307 1386 356 1436 Q.
391 1387 606 1429 Maximus
643 1386 914 1442 transfugere
955 1386 1009 1428 ad
1047 1386 1198 1428 hostes
1234 1383 1453 1427 uolentem

106 1445 345 1501 Statilium,
379 1446 570 1488 nobilem
608 1446 749 1487 clarae
787 1459 942 1500 operae
974 1445 1181 1501 equitem,
1220 1444 1368 1487 uocari
1398 1443 1454 1486 ad

207 1589 227 1620 1
252 1595 439 1620 armorum
463 1596 507 1620 ex
532 1595 718 1619 armatum
741 1584 787 1619 H
803 1589 811 1628 1
839 1588 861 1619 2
887 1584 1045 1620 seientia
1071 1584 1199 1619 GHP
1218 1583 1457 1629 magnificen-

57 1668 62 1671 ,
108 1631 164 1667 tia
187 1631 279 1666 Oud.
304 1632 384 1667 coll.
413 1631 515 1666 Plut.
545 1630 644 1666 Caes.
669 1634 727 1666 44.
746 1634 805 1667 45.
830 1632 957 1676 Pomp.
977 1635 1026 1667 69
1065 1631 1071 1677 Ι
1111 1631 1308 1666 conficeret
1332 1630 1419 1666 GH
1425 1630 1462 1664 P

111 1677 358 1714 confunderet
380 1678 405 1712 d
443 1685 450 1722 ι
494 1682 516 1712 3
541 1688 671 1712 auersa
701 1677 798 1713 facie
823 1678 927 1713 Stew.
971 1689 1143 1713 auersam
1173 1678 1309 1712 faciem
1337 1677 1465 1713 GHP

111 1736 286 1760 auersam
310 1724 431 1759 aciem
457 1724 570 1760 Gron.
598 1735 729 1759 auersa
755 1724 835 1759 acie
860 1724 937 1760 Ser.
961 1725 967 1771 Ι
994 1729 1016 1759 4
1040 1724 1203 1760 Voccaei
1226 1724 1272 1758 H
1276 1724 1313 1758 P
1334 1723 1462 1759 Vocca

112 1772 148 1807 ei
179 1770 214 1806 G
238 1770 398 1806 Vaccaei
423 1771 501 1807 edd.
525 1772 531 1815 Ι
552 1771 691 1815 gracho
718 1771 765 1806 H
780 1771 786 1815 Ι
814 1773 835 1805 5
860 1770 1062 1816 plaustr-uis
1088 1771 1135 1806 H
1140 1771 1152 1791 ¹
1174 1771 1179 1816 Ι
1202 1774 1223 1806 7
1248 1770 1461 1807 audientius

113 1818 160 1854 H
170 1818 225 1853 ιΡ
244 1817 433 1853 ardentius
458 1818 483 1853 d
504 1819 509 1862 Ι
538 1821 559 1852 8
585 1818 712 1852 hostes
735 1818 760 1853 h
781 1818 787 1862 Ι
809 1828 943 1853 consur
967 1820 1115 1862 gentem
1134 1818 1212 1861 (sed
1236 1830 1298 1853 sur
1321 1819 1364 1853 in
1388 1829 1461 1854 ras.

112 1866 152 1909 h)
180 1865 226 1900 H
242 1867 249 1910 Ι
269 1865 309 1899 hi
327 1865 373 1899 H
392 1864 447 1899 hii
466 1864 500 1900 G
522 1863 552 1898 ii
571 1864 630 1908 ΡΙ
654 1868 698 1899 10
716 1863 919 1900 Eumenses
938 1865 985 1900 H
1000 1867 1007 1910 Ι
1029 1864 1234 1900 Cardianus
1256 1864 1463 1901 Lambinus

114 1911 309 1947 sardianus
328 1911 420 1947 GH
422 1911 459 1946 P
477 1912 483 1955 Ι
504 1912 684 1946 exciditne
707 1923 803 1946 unus
826 1915 908 1956 post
927 1911 1160 1948 Cardianus?
1184 1913 1230 1956 cf.
1254 1923 1292 1956 p.
1312 1916 1375 1955 80,
1394 1916 1438 1948 11
1457 1912 1462 1958 1

116 1962 159 1994 11
182 1958 370 2003 quoddam
393 1958 428 1993 G
452 1958 639 2004 quondam
662 1958 689 1993 d
709 1960 715 2002 Ι
746 1957 869 1993 clusus
890 1958 977 1994 GH
993 1958 999 2005 Ι
1026 1959 1202 2003 quoniam
1224 1959 1311 1995 GH
1331 1965 1405 2004 qua
1428 1959 1466 1993 P

114 2005 218 2049 quod
236 2006 261 2040 d
282 2007 288 2051 Ι
317 2009 359 2040 12
380 2005 559 2041 cottidiae
578 2005 623 2039 H
639 2006 645 2049 1
666 2005 721 2040 ita
741 2015 803 2041 eos
820 2006 846 2041 d
866 2007 872 2050 Ι
900 2005 1195 2050 suspendebatur
1215 2009 1298 2048 (om.
1319 2009 1376 2050 ut)
1395 2006 1441 2042 H
1453 2007 1457 2051 Ι

115 2056 163 2087 13
188 2051 304 2086 innixi
327 2052 382 2095 (xi
405 2063 449 2087 eae
474 2056 536 2096 xa)
555 2052 623 2096 ΗΙ
652 2055 696 2086 14
720 2052 809 2086 dum
831 2053 856 2087 d
880 2063 964 2087 cum
984 2053 1135 2096 GHP1
1163 2053 1335 2088 naturale
1356 2053 1462 2097 GH]

118 2102 164 2134 15
189 2109 306 2143 usque
329 2099 533 2135 Lambinus
557 2098 670 2144 nique
691 2099 790 2134 GH¹
823 2099 863 2133 ui
886 2110 981 2144 quae
999 2101 1023 2135 h
1048 2100 1199 2144 uimque
1220 2101 1258 2134 P
1283 2099 1421 2144 ubique
1440 2101 1466 2136 d

115 2145 282 2189 undique
302 2146 380 2181 edd.
405 2145 533 2190 utique
548 2146 629 2181 Ser.
656 2145 917 2190 hinnitumque
932 2147 1024 2183 Oua.
1045 2148 1122 2183 coll.
1136 2148 1236 2182 Plut.
1257 2147 1368 2182 Eum.
1383 2150 1429 2182 11
1458 2147 1462 2192 j

117 2192 280 2228 ictarent
310 2191 345 2227 G
377 2193 383 2238 Ι
425 2197 467 2228 17
500 2203 636 2237 magna
667 2203 812 2228 summa
842 2193 896 2229 eis
918 2194 957 2229 P
990 2205 1147 2240 magnae
1179 2204 1344 2229 summae
1375 2194 1407 2228 is
1433 2194 1468 2229 G

118 2249 279 2284 maguae
311 2239 535 2275 summaehis
567 2239 613 2275 H
635 2242 640 2284 1
674 2240 977 2284 promitterentur
1006 2242 1083 2284 (sed
1111 2253 1137 2276 n
1167 2243 1363 2285 expuncta)
1391 2240 1425 2275 G

120 2289 170 2367 1255
188 2285 385 2340 hostilibus
401 2287 480 2368 {P
498 2285 668 2322 hostibus
687 2286 734 2322 H
750 2288 756 2331 Ι
778 2288 819 2322 ut
834 2287 869 2323 G
888 2287 895 2333 Ι
914 2287 1121 2324 interfectis
1137 2287 1224 2323 GH
1242 2287 1391 2322 intectis
1406 2287 1444 2322 P

193 2344 388 2377 promlssm
