1612 2488
212 123 296 166 138
478 125 579 160 IULI
604 125 836 162 FRONTINI
863 126 1294 165 STRATEGEMATON

209 234 462 289 citauerant,
489 234 676 288 speciem
702 235 851 291 magni
877 236 1095 291 sequentis
1121 222 1332 280 exercitus
1358 241 1567 295 moueret,

209 293 329 335 cuius
362 294 685 348 exspectatione
717 294 917 336 territum
950 293 1056 337 uicit
1086 295 1270 340 hostem.

299 352 367 394 21.
430 351 678 408 Myronides
734 353 1015 397 Atheniensis
1072 355 1278 398 aduersus
1333 355 1563 400 Thebanos

210 411 404 466 equitatu
435 413 741 466 praeualentes
773 416 1043 468 pugnaturus
1068 414 1113 456 in
1139 414 1303 470 campis
1335 430 1436 458 suos
1469 416 1565 459 edo-

157 482 179 513 5
207 472 295 512 cuit
322 471 597 514 manentibus
625 486 718 514 esse
748 486 867 526 spem
897 472 1088 528 aliquam
1115 474 1280 528 salutis,
1311 475 1560 518 cedentibus

206 532 350 572 autem
378 531 642 585 pernici<em
663 531 998 584 cer>tissimamz
1030 546 1115 587 qua
1139 534 1307 576 ratione
1338 534 1563 577 confirma-

203 589 262 630 tis
294 589 505 632 militibus
537 590 764 632 uictoriam
797 594 1052 633 consecutus
1085 595 1163 634 est.

293 649 362 690 22.
407 648 452 692 C.
485 649 684 691 Pinarius
716 650 762 692 in
793 649 940 692 Sicilia
970 650 1187 706 praesidio
1218 650 1398 694 Hennae
1436 667 1559 708 prae-

203 707 391 762 positus,
437 709 579 751 claues
617 711 840 764 portarum
883 723 989 764 quas
1027 724 1159 765 penes
1197 725 1242 752 se
1273 710 1466 753 habebat
1495 725 1562 754 re-

74 810 77 813 ,
134 778 178 810 10
203 767 485 821 poscentibus
512 767 839 823 magistratibus
858 767 1170 824 Hennensium,
1196 769 1310 825 quod
1336 773 1560 826 suspectos

204 839 278 868 eos
309 828 534 882 tamquam
565 827 870 870 transitionem
895 827 947 869 ad
973 827 1164 871 Poenum
1194 831 1400 884 pararent
1429 829 1562 872 habe-

202 884 296 939 bat,
327 885 454 940 petiit
478 886 605 928 unius
630 886 770 929 noctis
803 886 856 928 ad
888 886 1243 930 deliberationem
1271 888 1460 944 spatium
1498 888 1560 932 in-

203 944 428 1000 dicataque
461 945 674 987 militibus
706 945 855 988 fraude
882 945 1159 1003 Graecorum,
1190 962 1286 989 cum
1317 947 1560 1004 praecepis-

202 1006 280 1058 set,
311 1006 361 1046 ut
392 1005 537 1058 parati
568 1007 743 1060 postera
774 1004 841 1047 die
868 1005 1041 1061 signum
1074 1008 1385 1062 exspectarent,
1416 1008 1558 1062 prima

130 1074 175 1105 15
202 1062 298 1105 luce
330 1063 640 1106 adsistentibus
666 1064 878 1106 militibus
904 1065 1171 1108 redditurum
1196 1080 1242 1108 se
1267 1066 1411 1108 claues
1436 1067 1559 1122 dixit,

202 1122 239 1163 si
277 1122 389 1164 idem
428 1137 576 1165 omnes
614 1122 867 1165 Hennenses
906 1124 1192 1166 censuissent:
1236 1125 1291 1167 ob
1331 1139 1427 1167 eam
1460 1140 1558 1168 cau-

201 1196 294 1223 sam
336 1182 537 1224 uniuersa
579 1182 856 1224 multitudine
893 1185 1131 1224 conuocata
1169 1183 1215 1225 in
1251 1183 1471 1226 theatrum
1510 1187 1556 1227 et

199 1240 313 1282 idem
344 1241 592 1296 flagitante,
623 1241 854 1283 manifesta
886 1241 1109 1284 deficiendi
1140 1242 1386 1298 uoluntate,
1427 1243 1555 1299 signo

199 1299 410 1341 militibus
443 1300 546 1342 dato
580 1301 804 1343 uniuersos
836 1299 1091 1343 Hennenses
1123 1301 1288 1344 cecidit.

125 1369 173 1401 20
289 1359 359 1402 23.
403 1358 642 1414 Iphicrates
688 1359 772 1402 dux
813 1359 1146 1402 Atheniensium
1198 1361 1381 1403 classem
1431 1375 1556 1404 suam

198 1417 350 1460 hostili
375 1418 528 1460 habitu
552 1418 761 1461 instruxit
781 1421 822 1461 et
851 1419 902 1461 ad
933 1434 1006 1462 eos
1033 1434 1140 1475 quos
1167 1422 1390 1476 suspectos
1422 1419 1556 1463 habe-

197 1477 275 1518 bat
292 1477 502 1532 inuectus,
535 1492 630 1520 cum
652 1478 787 1520 effuso
814 1479 955 1520 studio
982 1478 1263 1533 exciperetur,
1288 1479 1554 1534 deprehensa

197 1549 345 1578 eorum
377 1537 558 1591 perfidia
589 1537 796 1592 oppidum
828 1537 1017 1591 diripuit.

285 1595 355 1637 24.
399 1595 462 1638 Ti.
500 1594 738 1649 Gracchus,
782 1610 878 1637 cum
919 1595 1125 1638 edixisset
1162 1596 1374 1650 futurum,
1413 1599 1463 1638 ut
1497 1610 1551 1638 ex

123 1664 169 1695 25
196 1654 403 1696 uolonum
447 1669 626 1696 numero
669 1654 856 1697 fortibus
901 1655 1150 1697 libertatem
1189 1656 1330 1710 daret,
1367 1655 1550 1710 ignauos

196 1714 394 1755 crucibus
427 1714 652 1769 adfigeret,
683 1716 726 1755 et
761 1716 966 1768 quattuor
996 1714 1119 1756 milia
1150 1729 1200 1756 ex
1231 1715 1321 1769 his,
1353 1714 1456 1770 quia
1486 1728 1550 1756 se-

196 1773 321 1828 gnius
354 1775 667 1828 pugnauerant,
699 1776 818 1814 metu
848 1788 1012 1828 poenae
1031 1774 1077 1815 in
1097 1773 1308 1829 quendam
1335 1773 1550 1815 munitum

195 1831 349 1873 collem
382 1832 586 1886 coissent,
618 1831 738 1873 misit
768 1832 843 1888 qui
874 1832 935 1874 eis
967 1832 1158 1875 dicerent
1189 1834 1332 1875 totum
1363 1831 1447 1874 sibi
1479 1846 1549 1875 ex-

289 1952 309 1981 3
334 1948 571 1983 athenienses
595 1947 682 1983 GH
688 1947 699 1967 ²
722 1949 728 1993 Ι
751 1951 772 1982 6
790 1947 991 1994 perniciem
1013 1947 1258 1983 certissimam
1277 1947 1443 1984 Eussner
1462 1958 1546 1993 per·

192 1993 476 2030 niciosissimam
491 1995 579 2030 GH
593 1994 945 2041 pernitiosissimum
959 1995 996 2030 P
1009 1994 1212 2041 perniciem
1231 2005 1415 2030 summam
1428 1994 1544 2050 Dect!

192 2045 214 2076 8
242 2040 298 2087 0.]
333 2041 371 2077 L.
398 2042 477 2077 edd
504 2054 547 2077 ex
579 2043 666 2078 Isiu.
691 2045 752 2084 24,
777 2046 826 2079 37
847 2045 852 2087 Ι
881 2047 902 2078 9
927 2042 1118 2078 habebant
1145 2041 1233 2077 GH
1249 2043 1255 2086 Ι
1281 2041 1548 2087 reponentibus

195 2087 231 2123 G
259 2090 265 2133 Ι
301 2092 344 2124 11
371 2099 530 2134 poenam
558 2090 604 2124 H
629 2093 633 2134 Ι
670 2094 713 2124 12
739 2090 850 2134 petiit
877 2091 955 2126 edd.
981 2090 1079 2135 petit
1104 2089 1228 2124 GHP
1251 2089 1258 2135 Ι
1294 2092 1337 2124 15
1362 2088 1548 2125 militibus

191 2137 294 2172 eiecit
313 2137 338 2172 d
355 2136 641 2181 magistratibus
662 2137 755 2173 Ded.
777 2137 906 2172 multis
925 2137 1078 2173 Hartel:
1101 2137 1163 2172 sed
1181 2137 1226 2180 ef.
1246 2136 1334 2172 Liu.
1348 2140 1411 2180 24,
1424 2140 1484 2180 39,
1497 2139 1519 2172 1

192 2183 223 2218 si
254 2183 301 2218 H
307 2183 318 2202 ¹
347 2184 353 2227 Ι
388 2187 432 2219 16
463 2183 674 2218 bannenses
705 2183 739 2219 G
766 2186 773 2229 Ι
806 2184 1039 2220 consuissent
1063 2183 1109 2219 H
1139 2184 1430 2266 consensissent4
1436 2183 1513 2220 Sor.

193 2234 236 2266 18
262 2231 459 2276 uoluptate
485 2230 519 2266 G
548 2232 553 2275 Ι
589 2235 631 2265 19
658 2231 868 2267 hannenses
897 2231 931 2268 G
958 2232 964 2276 Ι
997 2235 1041 2266 22
1068 2231 1251 2276 deprensa
1275 2230 1322 2266 H
1345 2232 1405 2276 Ι2

191 2277 282 2312 chus
309 2277 343 2313 G
354 2243 378 2322 ΡΙ
412 2282 456 2314 26
489 2277 670 2323 adfigeret
700 2281 739 2313 et
769 2279 847 2314 edd.
881 2278 1085 2333 adficerent
1116 2279 1155 2313 et
1183 2278 1228 2313 H
1258 2278 1482 2314 adficerente
1509 2277 1546 2315 G

191 2325 356 2360 afficeret
387 2326 426 2360 et
459 2325 495 2360 P
521 2324 526 2371 Ι
558 2324 616 2359 his
645 2324 732 2359 GH
758 2325 804 2361 lis
833 2326 870 2360 P
895 2327 900 2370 Ι
932 2325 994 2370 qui
1019 2326 1044 2361 d
1071 2326 1076 2371 Ι
1109 2328 1154 2360 27
1180 2325 1442 2371 pugnauerunt
1463 2325 1512 2360 H
1534 2325 1540 2372 Ι

190 2375 234 2407 28
262 2384 333 2417 que
360 2371 423 2406 Η1
