1612 2488
132 720 175 752 10

132 1016 174 1047 15

129 1312 174 1343 20

129 1607 174 1639 25

203 63 274 105 80.
475 64 576 100 IULI
601 64 837 101 FRONTINI
863 63 1298 108 STRATEGEMATON

204 175 246 215 et
277 173 488 216 exercitus
510 173 808 229 desperatione
841 173 1119 217 aduentantis
1149 174 1354 230 praesidii
1386 174 1562 232 adflige-

201 234 363 275 rentur.

292 291 332 334 3.
371 291 418 335 L.
446 291 569 334 Sulla
599 292 687 346 his,
719 292 793 348 qui
823 292 1057 335 Praeneste
1089 292 1419 350 obsidebantur,
1451 296 1560 338 occi-

203 364 350 392 sorum
382 352 428 393 in
458 351 623 406 proelio
658 351 813 394 dueum
845 352 989 407 capita
1026 352 1166 395 hastis
1196 353 1386 407 praefixa
1417 358 1557 398 osten-

204 409 268 452 dit
307 412 435 465 atque
467 411 529 452 ita
562 411 880 454 obstinatorum
912 411 1201 466 peruicaciam
1231 412 1375 468 fregit.

292 470 332 511 4.
371 470 596 512 Arminius
623 471 708 512 dux
734 469 1051 513 Germanorum
1083 471 1229 526 capita
1260 485 1421 528 eorum,
1452 487 1558 529 quos

203 528 438 583 occiderat,
483 529 685 572 similiter
728 529 920 585 praefixa
965 530 1017 573 ad
1055 530 1221 573 uallum
1257 530 1452 574 hostium
1490 532 1561 575 ad-

203 589 371 631 moueri
402 588 542 631 iussit.

292 648 332 690 5.
363 646 581 691 Domitius
609 647 814 703 Corbulo,
842 663 939 691 cum
960 647 1316 704 Tigranocertam
1341 649 1560 693 obsideret

204 709 247 749 et
277 706 475 749 Armenii
505 708 786 762 pertinaciter
822 707 1074 752 uiderentur
1110 707 1337 750 toleraturi
1372 709 1558 753 obsidio-

202 780 319 821 nem,
346 766 392 808 in
424 766 683 809 Vadandum
722 781 774 808 ex
807 767 1077 822 megistanis,
1116 781 1224 823 quos
1251 772 1436 823 ceperat,
1468 769 1559 811 ani-

202 826 439 868 maduertit
476 828 690 881 caputque
729 826 820 869 eius
852 826 1032 868 ballista
1063 840 1290 869 excussum
1319 826 1437 870 intra
1467 842 1560 871 mu-

202 885 398 927 nimenta
428 885 622 928 hostium
651 885 784 928 misit.
842 885 885 927 id
923 886 1036 928 forte
1078 885 1239 928 decidit
1281 885 1329 927 in
1370 886 1558 930 medium

202 944 454 1000 concilium,
492 945 607 1000 quod
645 959 741 987 cum
780 945 968 987 maxime
1005 945 1227 987 habebant
1267 944 1460 988 barbari:
1505 946 1560 989 ad

203 1004 323 1045 cuius
356 1006 636 1059 conspectum
662 1004 782 1046 uelut
808 1006 980 1046 ostento
1008 1004 1278 1047 consternati
1303 1003 1357 1046 ad
1383 1004 1559 1048 deditio-

201 1077 300 1104 nem
331 1062 663 1106 festinauerunt.

291 1123 328 1164 6.
379 1121 685 1164 Hermocrates
725 1121 1019 1177 Syracusanus
1063 1122 1276 1177 superatis
1322 1123 1411 1165 acie
1457 1121 1559 1165 Car-

200 1181 549 1236 thaginiensibus
589 1181 774 1236 ueritus,
811 1195 864 1223 ne
897 1181 1078 1236 captiui,
1116 1195 1299 1236 quorum
1335 1181 1557 1237 ingentem

200 1255 376 1282 manum
426 1241 472 1283 in
520 1243 785 1296 potestatem
828 1240 1075 1296 redegerat,
1123 1255 1277 1295 parum
1326 1240 1558 1297 diligenter

202 1300 532 1355 custodirentur,
565 1299 725 1355 qui<a>
748 1302 927 1342 euentus
954 1299 1245 1342 dimicationis
1265 1299 1313 1341 in
1333 1301 1482 1355 epulas
1515 1302 1558 1343 et

202 1359 477 1401 securitatem
505 1359 761 1415 compellere
787 1359 973 1401 uictores
999 1361 1184 1414 poterat,
1209 1358 1335 1401 finxit
1359 1359 1556 1414 proxima

198 1421 326 1460 nocte
353 1419 591 1473 equitatum
618 1418 823 1461 hostilem
852 1420 1096 1460 uenturum:
1123 1432 1208 1473 qua
1234 1419 1555 1473 exspectatione

201 1477 429 1519 adsecutus
462 1480 544 1532 est,
575 1480 624 1519 ut
657 1477 786 1519 solito
816 1478 1024 1519 attentius
1049 1477 1227 1532 uigiliae
1253 1480 1493 1532 agerentur.

292 1537 329 1579 7.
370 1536 507 1590 Idem,
544 1537 672 1578 rebus
703 1550 908 1591 prospere
940 1536 1076 1592 gestis
1114 1538 1158 1577 et
1193 1535 1247 1579 ob
1279 1535 1323 1578 id
1352 1536 1556 1579 resolutis

201 1595 291 1638 suis
323 1596 367 1637 in
398 1596 579 1638 nimiam
606 1595 879 1638 securitatem
906 1609 1143 1649 somnoque
1169 1597 1213 1637 et
1236 1609 1356 1638 mero
1381 1595 1556 1650 pressis,

199 1654 244 1696 in
278 1658 423 1697 castra
449 1654 699 1709 <hostium>
725 1654 996 1710 transfugam
1027 1654 1165 1708 misit,
1197 1653 1271 1709 qui
1301 1654 1554 1710 prohiberet

202 1714 335 1768 <eo>s
374 1729 399 1756 a
431 1714 551 1769 fuga:
597 1714 830 1769 dispositas
863 1714 978 1756 enim
1008 1714 1168 1769 ubique
1206 1728 1232 1755 a
1268 1711 1558 1769 Syracusanis

296 1812 316 1842 3
345 1806 442 1852 sylla
461 1807 507 1842 H
511 1807 547 1841 P
571 1809 576 1851 Ι
611 1810 631 1842 6
658 1806 841 1841 Armenus
871 1806 918 1841 H
944 1804 1142 1841 Armenius
1174 1805 1235 1852 P}
1266 1809 1310 1841 10
1344 1804 1557 1851 tolleratori

200 1854 258 1890 Η1
281 1854 285 1900 Ι
311 1858 352 1888 11
379 1855 595 1889 uadandum
620 1854 666 1889 H
686 1852 902 1890 uaduadum
931 1853 969 1887 P
991 1852 1176 1897 quendam
1200 1853 1226 1888 d
1250 1852 1423 1888 Adduum
1461 1852 1554 1889 Oud.

199 1903 279 1937 coll.
308 1901 394 1936 Vezl.
421 1905 460 1944 2,
481 1905 555 1938 102
579 1903 584 1947 Ι
621 1903 802 1937 exciditne
827 1912 941 1935 unum
967 1904 1052 1936 ante
1076 1899 1151 1934 ex?
1177 1900 1222 1943 cf.
1245 1911 1283 1944 p.
1310 1903 1348 1943 8,
1372 1902 1423 1935 26
1445 1900 1450 1944 Ι
1480 1910 1556 1936 me·

199 1947 361 1994 gistanis
387 1949 465 1984 edd.
493 1948 720 1994 megestanis
747 1948 793 1983 H
796 1948 833 1983 P
853 1946 1123 1993 megistanibus
1153 1946 1244 1982 Oud.
1275 1948 1278 1991 Ι
1309 1949 1352 1981 12
1378 1946 1554 1982 ballistae

200 1996 246 2032 H
260 1995 403 2030 balista
419 1995 455 2029 P
475 1996 480 2041 Ι
504 2000 549 2030 14
562 1998 642 2030 tum
660 1997 786 2030 Ptum
801 2005 885 2029 cum
898 1996 995 2031 edd:
1020 1995 1066 2038 cf.
1077 2005 1115 2040 p.
1136 1997 1221 2037 105,
1241 1997 1294 2030 28
1316 1997 1321 2037 1
1346 1997 1388 2028 17
1410 1994 1555 2030 cartha-

199 2042 418 2088 ginensibus
441 2042 521 2077 GH
541 2042 832 2078 Atheniensibus
843 2042 921 2078 Ser.
943 2040 1203 2077 Catinensibus
1227 2041 1358 2076 Tem„-
1378 2041 1424 2084 εἰ.
1433 2041 1554 2087 praef.

199 2091 227 2137 §
242 2093 285 2125 11
310 2092 314 2134 Ι
337 2094 382 2125 20
409 2089 533 2134 quiad
547 2092 611 2134 qui
625 2090 710 2125 ΗΡ
726 2090 825 2134 quod
845 2090 922 2125 edd.
946 2089 950 2135 Ι
974 2092 1016 2124 21
1044 2089 1219 2134 poterant
1242 2087 1289 2123 H
1306 2092 1310 2126 Ι
1333 2091 1377 2123 22
1405 2088 1559 2133 quaeH

201 2141 286 2173 ante
309 2148 383 2173 ras.
406 2138 412 2183 Ι
434 2140 483 2172 23
510 2139 553 2171 ut
578 2148 644 2172 om.
675 2136 755 2172 CH
773 2139 777 2181 Ι
806 2140 850 2172 26
875 2135 1040 2172 hostium
1067 2136 1151 2171 add.
1178 2134 1271 2170 Ded.
1301 2137 1305 2179 Ι
1339 2134 1556 2181 prohiberet

201 2196 263 2220 eos
295 2196 318 2220 a
349 2184 440 2230 fuga
470 2195 536 2219 nos
567 2185 802 2228 premoueret
833 2194 872 2218 se
896 2184 988 2228 fuga
1018 2180 1061 2218 H
1072 2183 1083 2203 ¹
1116 2184 1376 2228 praemoneret
1401 2193 1440 2218 se
1464 2181 1555 2228 fuga

202 2232 255 2267 Ch
280 2233 539 2277 praemoneret
564 2241 602 2266 se
623 2231 712 2277 fuga
738 2230 886 2276 lapsum
911 2231 948 2265 P
970 2229 1242 2275 praetendebat
1273 2241 1312 2264 se
1336 2229 1428 2276 fuga
1452 2229 1554 2275 elap-

201 2290 283 2313 sum
308 2280 333 2315 d
357 2280 617 2325 praemoneret
643 2278 689 2313 de
715 2278 804 2323 fuga
829 2278 1008 2313 Hedicke.-
1043 2278 1197 2321 fortasse
1217 2277 1332 2322 plura
1363 2277 1554 2313 intercide-

199 2330 288 2362 runt
311 2329 315 2372 Ι
338 2330 382 2362 27
410 2327 508 2362 enim
535 2325 580 2362 H
602 2326 714 2361 etiam
735 2325 771 2359 P
