1612 2488
576 130 720 168 LIBER
741 131 789 168 Π.
824 130 927 169 ΟΑΡ.
952 135 986 168 4.
1400 129 1459 172 55

112 242 272 285 missus
303 241 358 284 ab
389 255 439 283 eo
470 239 648 283 Porcius
679 239 807 294 Cato,
840 239 913 294 qui
943 241 1056 292 tum,
1086 238 1174 281 iam
1205 238 1460 292 consularis,

111 301 315 344 tribunus
358 299 548 342 militum
588 314 615 341 a
650 298 813 356 populo
854 298 995 340 factus
1038 298 1084 340 in
1126 297 1315 341 exercitu
1354 299 1459 351 erat,

110 359 289 403 deiectis
332 359 448 414 iugis
492 357 747 401 Callidromi
788 357 950 400 montis
994 356 1182 412 Aetolis,
1224 357 1297 412 qui
1337 370 1459 412 prae-

110 418 223 462 sidio
254 418 364 473 <ea>
395 418 621 471 tenebant,
658 431 787 472 super
822 416 1104 459 inminentem
1140 415 1296 458 castris
1326 415 1459 471 regiis

110 477 269 520 collem
299 491 327 519 a
352 478 477 533 tergo
508 475 676 519 subitus
707 475 1000 531 apparuisset:
1030 489 1114 531 quo
1145 474 1262 517 facto
1292 478 1460 530 pertur-

110 536 228 579 batis
264 535 471 578 Antiochi
513 535 650 590 copiis
691 534 908 589 utrimque
950 535 1150 589 inrupene
1186 533 1373 576 Romani
1416 536 1460 575 et

110 594 220 638 fusis
250 594 499 650 fugatisque
530 596 672 636 castra
703 596 919 648 ceperunt.

201 653 242 696 5.
281 651 327 696 O.
352 651 566 708 Sulpicius
596 651 768 695 Peticus
798 653 948 694 consul
978 654 1130 694 contra
1158 649 1306 694 Gallos
1337 651 1460 693 dimi·

111 716 286 755 caturus
315 711 446 754 iussit
473 711 683 754 muliones
710 711 822 754 clam
846 711 893 752 in
916 714 1084 754 montes
1116 710 1336 765 proximos
1362 723 1457 753 cum

110 770 240 813 mulis
282 770 403 813 abire
445 774 490 812 et
531 770 720 812 indidem
762 772 961 812 conserto
1003 769 1091 812 iam
1133 769 1297 824 proelio
1339 769 1459 812 uelut

110 829 235 885 equis
265 828 503 871 insidentes
529 832 747 871 ostentare
774 843 819 870 se
844 828 1160 883 pugnantibus:
1191 842 1322 883 quare
1344 827 1460 870 Galli

111 887 407 931 existimantes
445 887 682 930 aduentare
718 887 879 929 auxilia
914 886 1125 930 Romanis
1168 900 1332 930 cessere
1372 887 1459 929 iam

110 960 250 1002 paene
280 946 479 989 uictores.

201 1005 243 1047 6.
290 1004 454 1047 Marius
497 1005 612 1048 circa
652 1005 800 1060 Aquas
845 1003 1032 1059 Sextias,
1081 1018 1178 1046 cum
1222 1004 1269 1046 in
1311 1004 1458 1046 animo

111 1063 295 1106 haberet
341 1065 517 1119 postera
565 1063 635 1106 die
681 1063 930 1120 depugnare
979 1038 1184 1106 aduersus
1227 1063 1460 1118 Teutonos,

112 1121 366 1181 Marcellum
386 1137 483 1164 cum
507 1137 644 1178 parua
667 1137 799 1165 manu
818 1123 1012 1178 equitum
1036 1122 1316 1178 peditumque
1333 1125 1459 1164 nocte

110 1184 213 1236 post
234 1184 363 1238 terga
386 1181 579 1224 hostium
603 1181 723 1223 misit
747 1184 792 1223 et
817 1181 871 1223 ad
895 1181 1148 1237 inplendam
1167 1180 1458 1223 multitudinis

111 1240 300 1295 speciem
342 1253 553 1294 agasones
595 1241 790 1296 lixasque
833 1243 1024 1283 armatos
1068 1239 1197 1282 simul
1233 1240 1297 1282 ire
1333 1240 1460 1282 iussit

112 1299 486 1354 iumentorumque
505 1312 709 1354 magnam
733 1301 902 1354 partem
921 1300 1207 1341 instratorum
1227 1301 1458 1341 centuncu-

114 1356 183 1411 lis,
206 1360 257 1399 ut
276 1371 352 1412 per
375 1357 458 1400 hoc
477 1357 610 1400 facies
628 1358 845 1412 equitatus
865 1358 1119 1412 obiceretur,
1143 1358 1460 1424 praecepitque,

112 1418 180 1468 ut,
217 1430 312 1458 cum
350 1416 757 1458 animaduertissent
788 1417 1002 1459 committi
1032 1417 1264 1471 proelium,
1298 1416 1384 1471 ipsi
1415 1417 1459 1458 in

111 1477 238 1530 terga
260 1473 452 1516 hostium
478 1475 802 1518 descenderent:
826 1476 899 1530 qui
924 1478 1159 1542 apparatus
1183 1477 1355 1517 tantum
1371 1478 1459 1517 ter-

34 1542 37 1545 ’
113 1534 226 1576 roris
256 1533 425 1587 intulit,
454 1537 504 1576 ut
534 1534 760 1589 asperrimi
789 1534 937 1576 hostes
965 1535 1012 1576 in
1034 1533 1186 1589 fugam
1211 1534 1326 1576 uersi
1356 1534 1459 1576 sint.

205 1592 244 1635 7.
273 1590 462 1634 Licinius
488 1590 671 1635 Crassus
700 1593 987 1649 fugitiuorum
1017 1593 1132 1635 bello
1164 1593 1279 1648 apud
1305 1591 1459 1635 Cama-

49 1666 53 1669 *
112 1650 274 1692 latrum
305 1650 534 1693 educturus
565 1651 749 1693 militem
782 1652 987 1694 aduersus
1018 1649 1199 1694 Castum
1228 1654 1273 1693 et
1303 1650 1459 1694 Canni-

210 1757 229 1787 1
254 1753 399 1798 portius
423 1753 534 1798 ΗΡΙ
561 1753 732 1798 quintum
754 1754 800 1789 H
820 1758 905 1790 ante
927 1765 1019 1791 corr.
1053 1754 1298 1798 {consularis
1322 1754 1375 1798 H,
1398 1755 1460 1790 sed

113 1798 188 1835 aris
214 1801 255 1835 in
279 1810 350 1835 ras.
374 1800 534 1836 duarum
558 1765 626 1835 lqitt.
653 1801 707 1844 (is
726 1800 763 1844 .9)
788 1802 812 1836 h
833 1803 838 1846 l
866 1805 887 1836 3
913 1801 1070 1837 deiectis
1082 1801 1193 1855 ‘iugis
1211 1801 1265 1844 H,
1289 1802 1380 1837 sed
1368 1813 1401 1836 is
1420 1801 1461 1837 iu

113 1847 156 1882 in
179 1857 254 1882 ras.
278 1850 409 1892 septem
431 1848 505 1890 fere
530 1848 733 1883 litterarum
756 1850 806 1890 ζ..
845 1851 941 1892 sat)
970 1850 976 1892 Ι
1009 1847 1055 1883 de
1079 1848 1177 1893 iugis
1203 1849 1331 1884 Lamb-
1368 1849 1459 1894 iugo

116 1893 210 1929 Oud.
230 1893 309 1929 coll.
329 1893 553 1938 Liu.36,18
574 1896 581 1940 Ι
602 1893 850 1930 callididromi
863 1895 909 1930 H
925 1897 931 1939 Ι
952 1895 1090 1931 montis
1108 1896 1191 1931 eicit
1210 1895 1314 1932 Stew.
1336 1898 1343 1940 1
1364 1907 1460 1941 quae

113 1939 303 1986 praesidio
326 1941 551 1976 tenebantur
571 1942 608 1976 P
627 1943 632 1981 Ι
653 1946 677 1976 4
701 1951 746 1977 ea
762 1942 882 1987 suppl.
897 1942 1001 1977 Mod.
1025 1944 1031 1985 Ι
1051 1953 1131 1988 regi
1133 1954 1157 1977 s
1168 1942 1216 1978 H
1234 1947 1319 1979 ante
1336 1953 1428 1979 corr.
1451 1944 1456 1989 ξ

115 1991 137 2023 5
156 1987 251 2023 colle
268 1989 306 2030 (e
326 1989 368 2023 in
379 1999 452 2023 ras.
465 1988 563 2034 ΜΗ
580 1990 586 2032 Ι
615 1992 634 2023 7
654 1987 930 2033 fugatisqueH,
954 1990 1016 2025 sed
1038 1953 1131 2034 fuga
1148 1990 1191 2025 in
1206 2001 1280 2026 ras.
1299 1990 1458 2026 duarum

114 2034 184 2070 liu.
205 2034 241 2078 (f
262 2037 288 2078 .)
307 2035 330 2069 h
351 2036 358 2078 Ι
378 2037 400 2069 8
425 2035 599 2080 sulpitius
615 2035 675 2078 Pl
698 2035 843 2082 consul]
870 2035 1031 2072 dictator
1049 2035 1125 2072 Ser.
1145 2037 1223 2072 coll.
1242 2037 1331 2072 Lien.
1345 2041 1382 2081 7,
1395 2040 1459 2072 14.-

114 2080 161 2124 οἵ·
114 2081 355 2163 mffmss'
365 2085 438 2171 1²12
452 2081 700 2165 '03342512‘31‘3
719 2082 1042 2165 ἕῖνᾚὲἔῃιὲ,
1059 2085 1107 2173 32⁴,
1128 2083 1459 2176 Mmoerrm3⁸1²2³0¹0ffi

114 2172 297 2209 ieoeretur
321 2175 474 2220 H121
507 2176 835 2211 animaduertisset
858 2177 904 2212 H
929 2180 1014 2213 ante
1036 2188 1127 2213 corr.
1158 2181 1162 2219 Ι
1196 2179 1235 2223 ip
1237 2188 1281 2212 sa
1304 2177 1351 2212 H
1375 2181 1460 2213 ante

114 2230 208 2257 corr.
236 2222 242 2264 Ι
274 2225 320 2256 23
345 2223 430 2257 sunt
453 2223 552 2264 ΗΡ,
576 2234 667 2259 corr.
687 2223 713 2259 d
751 2225 757 2265 Ι
795 2227 843 2258 24
873 2222 1041 2271 Crassus]
1074 2190 1235 2260 consulp
1232 2235 1357 2259 rursus
1381 2224 1457 2265 Ht

116 2267 361 2303 calamatrum
385 2270 444 2304 uel
468 2269 706 2305 calamatium
732 2270 775 2305 d.-
798 2270 966 2306 eademne
983 2282 1116 2317 puqna
1139 2282 1248 2317 quam
1271 2271 1322 2306 ad
1342 2270 1458 2306 Luca·

114 2324 206 2348 num
228 2314 350 2350 lacum
374 2316 510 2358 factam
534 2318 643 2360 refert
665 2317 764 2352 Plut.
785 2317 905 2353 Crass.
923 2321 999 2353 11.
992 2317 1011 2344 9
1039 2322 1044 2360 1
1074 2321 1120 2353 25
1147 2322 1291 2354 castam
1310 2317 1356 2353 H
1377 2322 1461 2354 ante

115 2370 207 2396 corr.
236 2362 241 2406 1
274 2371 368 2397 canu
392 2373 475 2398 cum
495 2363 542 2398 H
573 2374 719 2399 cannon
743 2375 827 2399 cum
845 2363 889 2407 P,
913 2376 976 2400 em.
996 2365 1074 2401 Ser.
1099 2376 1145 2400 ex
1168 2368 1207 2407 2,
1227 2369 1263 2408 5,
1283 2366 1330 2400 34

1487 781 1531 813 10

1488 1075 1530 1107 15

1485 1370 1530 1402 20

1485 1663 1530 1695 25
