1612 2488
113 754 156 786 10

112 1049 155 1081 15

111 1345 155 1376 20

111 1640 157 1671 25

113 1935 159 1967 30

185 98 269 142 118
457 100 558 136 IULI
581 98 818 136 FRONTINI
844 98 1275 137 STRATEGEMATON

181 208 504 264 prosiluissent,
547 214 597 251 ut
627 223 838 264 quemque
869 209 1097 252 inuenerat
1133 210 1341 264 stantem,
1382 208 1446 252 ita
1483 208 1536 252 ad

183 267 354 310 ordines
386 266 570 310 militiae
599 269 812 324 prouexit.
1429 310 1431 313 Α

272 327 311 370 9.
353 326 575 382 Lysander
617 326 982 371 Lacedaemonius
1026 340 1248 382 egressum
1290 327 1365 370 uia
1407 341 1538 383 quen-

183 386 282 428 dam
309 387 567 442 castigabat.
617 387 686 428 cui
711 387 870 429 dicenti
896 386 950 429 ad
973 386 1136 429 nullius
1167 386 1231 428 rei
1259 386 1458 441 rapinam
1489 400 1537 429 se

183 446 239 488 ab
279 446 452 501 agmine
488 446 719 488 recessisse
755 446 1001 502 respondit:
1045 445 1115 488 ‘ne
1147 445 1332 501 speciem
1364 445 1537 501 quidem

182 505 352 560 rapturi
382 505 591 560 praebeas
623 504 752 548 uolo?

274 564 342 607 10.
384 564 653 620 Antigonus,
693 579 791 607 cum
827 563 964 607 filium
1003 578 1128 606 suum
1167 563 1360 606 audisset
1389 563 1538 606 deuer-

181 623 288 665 tisse
319 624 365 665 in
397 638 504 666 anus
537 623 734 678 domum,
778 623 846 666 cui
886 626 974 665 tres
1014 623 1129 665 filiae
1170 623 1362 678 insignes
1395 622 1537 677 specie

183 685 341 737 essent,
373 681 547 737 ‘audio'‚
577 683 731 738 inquit,
763 682 852 734 ‘fili,
884 684 1067 738 anguste
1097 681 1299 724 habitare
1329 684 1374 723 te
1405 681 1537 737 pluri·

181 741 262 784 bus
302 741 487 784 dominis
525 742 700 784 domum
739 741 1082 797 possidentibus:
1118 740 1359 797 hospitium
1396 741 1536 783 laxius

182 800 361 855 accipe':
405 801 607 856 iussoque
652 801 939 857 commigrare
977 800 1133 856 edixit,
1167 814 1223 842 ne
1261 799 1357 855 quis
1394 800 1537 842 minor

182 860 501 916 quinquaginta
550 875 687 903 annos
738 864 866 902 natus
907 859 1101 915 hospitio
1149 859 1303 902 matris
1346 858 1536 902 familias

180 921 384 962 uteretur.
604 931 606 933 ’

274 980 341 1021 11.
386 978 435 1028 Q.
472 978 672 1020 Metellus
714 977 888 1033 consul,
932 978 1129 1034 quamuis
1172 978 1294 1020 nulla
1334 977 1429 1033 lege
1471 977 1538 1019 in-

182 1037 414 1092 pediretur,
446 1039 549 1092 quin
573 1038 710 1079 filium
737 1038 1091 1080 contubernalem
1120 1039 1376 1092 perpetuum
1406 1035 1537 1078 habe-

182 1099 260 1148 ret,
291 1097 445 1139 maluit
474 1100 621 1138 tamen
653 1111 750 1139 eum
783 1096 830 1138 in'
859 1097 1008 1139 ordine
1039 1110 1214 1138 merere.

275 1157 342 1198 12.
385 1156 431 1198 Ρ.
469 1155 661 1198 Rutilius
706 1156 880 1210 consul,
924 1170 1021 1198 cum
1062 1155 1295 1198 secundum
1335 1155 1452 1210 leges
1490 1154 1538 1196 in

182 1215 464 1257 contubernio
497 1229 575 1257 suo
601 1214 760 1257 habere
785 1216 936 1269 posset
967 1214 1117 1266 filium,
1147 1215 1192 1256 in
1222 1213 1393 1269 legione
1424 1212 1535 1255 mili-

180 1276 269 1315 tem
301 1273 414 1316 fecit.

274 1333 340 1375 13.
385 1333 441 1375 M.
480 1331 664 1375 Scaurus
702 1332 861 1387 filium,
899 1332 1014 1388 quod
1050 1333 1095 1374 in
1135 1331 1252 1374 saltu
1283 1330 1536 1373 Tridentino

181 1392 277 1434 loco
318 1392 519 1434 hostibus
564 1395 774 1446 cesserat,
818 1392 863 1433 in
905 1394 1183 1448 conspectum
1223 1405 1349 1433 suum
1390 1390 1536 1432 uenire

181 1451 340 1493 uetuit:
373 1451 622 1493 adulescens
649 1450 907 1493 uerecundia
931 1451 1197 1506 ignominiae
1222 1463 1397 1504 pressus
1422 1463 1537 1491 mor-

181 1512 270 1552 tem
302 1511 385 1552 sibi
417 1510 642 1552 consciuit.
1469 1510 1516 1524 ⁶*

275 1570 340 1611 14.
385 1568 541 1611 Castra
579 1568 818 1623 antiquitus
858 1567 1046 1610 Romani
1089 1568 1339 1622 ceteraeque
1382 1567 1545 1622 gentes·

182 1628 346 1682 passim
378 1643 454 1683 per
492 1642 674 1683 corpora
711 1626 954 1670 cohortium
993 1626 1114 1669 uelut
1149 1626 1340 1681 mapalia
1377 1625 1536 1668 consti-

183 1690 304 1729 tuere
331 1687 449 1729 soliti
476 1691 612 1741 erant,
643 1701 741 1729 cum
768 1687 882 1729 solos
908 1686 1080 1728 urbium
1106 1699 1254 1727 muros
1285 1686 1433 1727 nosset
1463 1698 1536 1726 an·

181 1746 375 1802 tiquitas.
425 1746 616 1801 Pyrrhus
641 1746 926 1801 Epirotarum
951 1760 1026 1787 rex
1056 1745 1220 1799 primus
1245 1746 1387 1786 totum
1419 1757 1536 1785 exer-

183 1806 317 1847 citum
362 1806 441 1847 sub
487 1806 636 1847 eodem
680 1806 797 1847 uallo
837 1805 1054 1846 continere
1086 1803 1288 1846 instituit,
1349 1801 1538 1844 Romani

184 1864 347 1918 deinde,
378 1865 493 1907 uicto
526 1879 576 1906 eo
609 1865 654 1906 in
685 1865 847 1918 campis
875 1863 1076 1906 Arusinis
1108 1862 1222 1905 circa
1253 1861 1404 1903 urbem
1429 1860 1536 1902 Mal-

184 1926 375 1977 uentum,
407 1924 562 1966 castris
596 1924 686 1965 cius
717 1923 846 1978 potiti
878 1925 922 1964 et
954 1921 1222 1964 ordinatione
1253 1922 1405 1962 notata
1435 1934 1538 1974 pau-

281 2019 299 2050 1
327 2014 563 2051 rosiluissent
589 2016 623 2051 G
646 2014 879 2061 prosiluisset
905 2015 950 2050 Η
957 2015 968 2034 ¹
996 2014 1001 2060 Ι
1035 2016 1074 2050 et
1097 2014 1140 2048 ut
1163 2011 1209 2047 H
1232 2016 1238 2056 Ι
1268 2012 1317 2046 ad
1342 2023 1408 2048 om.
1434 2011 1481 2048 H
1488 2011 1501 2031 ¹
1528 2013 1534 2059 Ι

183 2067 206 2098 4
233 2062 412 2097 didicenti
438 2063 495 2097 H¹
518 2064 523 2105 Ι
556 2066 575 2097 7
603 2063 782 2098 euertisse
802 2062 847 2096 H
864 2063 869 2106 1
891 2064 912 2096 8
938 2072 1031 2096 anus
1055 2071 1121 2096 nos
1145 2060 1225 2095 eius
1251 2059 1378 2095 GHP
1399 2058 1536 2095 uiduae

182 2109 349 2145 Eussner
373 2110 451 2145 coll.
482 2110 583 2149 Plut.
611 2110 781 2154 apophth.
807 2110 935 2153 Antiy.
963 2111 986 2144 5
1017 2107 1182 2143 mulieris
1210 2106 1319 2142 Goetz
1341 2109 1346 2151 Ι
1371 2110 1413 2142 11
1440 2105 1536 2141 dixit

187 2157 301 2201 GH}
338 2161 379 2192 12
406 2156 444 2190 L.
473 2157 506 2192 G
535 2159 540 2200 Ι
578 2161 619 2192 15
646 2156 738 2201 quin
764 2157 827 2192 Gk
853 2155 917 2201 qui
946 2155 984 2191 in
1010 2154 1116 2191 H¹P
1140 2155 1146 2198 Ι
1182 2157 1224 2189 18
1250 2154 1436 2199 legionem
1465 2154 1502 2188 P

184 2208 230 2239 20
261 2204 403 2239 trident
433 2203 474 2238 in
504 2204 575 2239 hoc
606 2204 688 2239 loco
720 2204 784 2247 P}
819 2207 862 2239 22
898 2203 1107 2238 aduliscens
1140 2200 1198 2236 H1
1229 2200 1446 2236 adolescens
1476 2201 1500 2235 h

184 2254 230 2286 24
256 2252 455 2296 eaeemplum
472 2254 675 2296 suspectum
694 2252 798 2286 habet
819 2250 1052 2287 Wachsmuth
1073 2250 1078 2294 Ι
1100 2252 1145 2285 25
1170 2248 1361 2293 mappalia
1383 2246 1466 2283 GH
1470 2247 1508 2282 P

184 2302 230 2334 27
256 2299 415 2344 pyrhrus
438 2298 473 2333 G
497 2310 626 2343 pyrrus
653 2298 713 2342 P!
746 2302 790 2333 29
817 2298 1049 2333 Maluentum
1074 2295 1238 2341 Scaliyer
1261 2294 1474 2331 fatuentum
1501 2294 1537 2330 G

184 2347 415 2381 statuentum
440 2346 527 2381 ΗΡ
549 2346 803 2380 Beneuentum
831 2345 935 2381 Mod.
