1612 2488
93 711 135 742 10

93 1007 134 1038 15

90 1302 133 1334 20

88 1597 132 1629 25

163 54 220 96 62
437 53 535 89 IULI
561 53 797 90 FRONTINI
824 54 1256 91 STRATEGEMATON

162 163 208 205 in
246 163 470 206 montibus
509 177 555 206 se
593 164 914 217 continuerant,
955 163 1000 205 in
1041 164 1174 219 plana
1208 163 1519 206 descenderunt

163 226 218 277 et,
244 223 346 265 dum
366 223 547 265 castella
564 225 794 277 temptant,
814 222 869 264 ab
889 223 1085 278 equitatu
1104 223 1383 266 circumuenti
1403 226 1518 266 sunt.
1539 229 1552 233 ‘

254 282 321 324 19.
354 281 578 337 Harrybas
604 296 679 323 rex
703 281 1007 336 Molossorum,
1032 282 1147 324 bello
1172 281 1334 337 petitus
1361 297 1386 325 a
1410 281 1517 324 Bar-

162 341 252 396 dyli
294 340 464 396 Illyrio,
515 341 723 383 maiorem
768 340 991 396 aliquanto
1036 341 1272 384 exercitum
1317 341 1518 397 habente,

164 400 429 454 <a>molitus
455 401 635 442 inbelles
662 415 839 443 suorum
864 401 910 442 in
935 401 1122 443 uicinam
1143 401 1364 456 regionem
1385 401 1518 443 Aeto·

162 460 246 502 liae
278 460 441 502 famam
475 460 654 515 sparsit,
683 464 906 515 tamquam
938 460 1066 501 urbes
1093 474 1143 502 ac
1168 473 1237 502 res
1263 474 1364 502 suas
1388 462 1518 502 Aeto-

164 519 219 561 lis
246 519 517 561 concederet:
549 519 641 574 ipse
674 533 770 561 cum
802 518 889 573 his,
921 519 994 574 qui
1019 533 1141 561 arma
1164 518 1276 561 ferre
1300 521 1518 574 poterant,

162 578 343 620 insidias
386 579 432 620 in
475 578 696 621 montibus
741 581 784 620 et
826 578 933 620 loeis
971 578 1240 634 confragosis
1285 578 1518 621 distribuit.

162 637 303 692 Illyrii
329 638 552 692 timentes,
583 652 637 679 ne
664 652 774 692 quae
798 636 1091 680 Molossorum
1117 640 1242 680 erant
1265 637 1320 680 ab
1345 637 1518 680 Aetolis

163 700 491 751 occuparentur,
529 697 650 739 uelut
686 696 740 738 ad
776 697 980 751 praedam
1017 695 1274 739 festinantes
1304 696 1517 753 neglectis

163 755 386 798 ordinibus
419 755 661 798 adcelerare
693 758 945 810 coeperunt:
983 769 1090 812 quos
1122 755 1370 811 dissipatos,
1405 755 1517 798 nihil

161 815 250 857 tale
276 819 590 870 exspectantes,
608 814 832 870 Harrybas
853 829 902 857 ex
928 814 1099 857 insidiis
1117 814 1232 857 fudit
1248 814 1517 871 fugauitque.

252 875 320 916 20.
353 874 401 916 Τ.
421 874 637 917 Labienus
658 872 704 917 C.
725 873 921 917 Caesaris
947 875 1118 930 legatus
1137 873 1344 916 aduersus
1363 872 1516 916 Gallos

163 936 262 975 ante
289 933 524 976 aduentum
544 933 869 987 Germanorum,
895 948 1002 988 quos
1030 934 1191 976 auxilio
1217 933 1285 975 his
1310 935 1518 975 uenturos

163 993 345 1047 sciebat,
377 993 607 1049 confligere
640 993 813 1047 cupiens
839 992 1124 1035 diffidentiam
1150 992 1374 1035 simulauit
1402 991 1517 1046 posi·-

162 1052 305 1107 tisque
337 1053 383 1094 in
415 1052 587 1094 diuersa
624 1052 720 1106 ripa
759 1052 914 1094 castris
950 1052 1263 1107 profectionem
1300 1050 1433 1093 edixit
1468 1051 1516 1093 in

161 1115 385 1165 posterum
423 1111 546 1155 diem.
608 1110 723 1153 Galli
761 1111 983 1153 eredentes
1022 1125 1119 1152 eum
1155 1110 1306 1165 fugere
1342 1109 1516 1165 flumen,

162 1171 275 1225 quod
301 1171 489 1212 medium
518 1173 623 1224 erat,
649 1170 932 1213 instituerunt
955 1169 1270 1212 transmittere:
1300 1168 1516 1212 Labienus

162 1229 424 1272 circumacto
458 1231 646 1272 exercitu
677 1230 794 1272 inter
823 1230 941 1284 ipsas
974 1228 1204 1284 superandi
1234 1228 1375 1271 amnis
1407 1227 1516 1270 diffi-

160 1288 346 1331 cultates
380 1304 453 1331 eos
486 1289 650 1332 cecidit.

250 1348 318 1390 21.
357 1347 599 1401 Hannibal,
631 1363 726 1390 cum
760 1348 1030 1403 explorasset
1060 1349 1341 1403 neglegenter
1371 1349 1516 1389 eastra

159 1405 286 1449 Fului
323 1407 510 1449 Romani
547 1407 666 1449 ducis
710 1407 894 1459 munita,
937 1408 1077 1462 ipsum
1119 1410 1340 1461 praeterea
1375 1405 1515 1448 multa

159 1469 319 1508 temere
364 1466 538 1519 audere,
588 1467 728 1520 prima
770 1466 881 1521 luce,
925 1480 1022 1508 cum
1067 1465 1285 1508 densiores
1329 1464 1514 1506 nebulae

158 1527 434 1581 praestarent
465 1525 793 1579 obscuritatem,
833 1539 993 1579 paucos
1026 1524 1190 1580 equites
1221 1523 1513 1566 munitionum

158 1587 407 1626 nostrarum
455 1584 663 1640 uigilibus
714 1584 923 1626 ostendit:
974 1598 1058 1639 quo
1108 1583 1287 1626 Fuluius
1336 1584 1513 1638 repente

158 1644 297 1686 mouit
317 1643 561 1686 exercitum.
602 1642 827 1685 Hannibal
845 1657 923 1699 per
942 1643 1158 1685 diuersam
1181 1644 1351 1697 partem
1371 1643 1513 1684 eastra

158 1703 248 1745 eius
270 1703 498 1758 occupauit
517 1705 561 1745 et
579 1703 657 1745 illa
674 1702 720 1744 in
738 1706 910 1758 tergum
924 1702 1219 1745 Romanorum
1235 1701 1394 1743 effusus
1413 1702 1511 1743 octo

157 1762 277 1804 milia
309 1762 644 1804 fortissimorum
676 1762 866 1804 militum
894 1775 991 1803 cum
1016 1762 1112 1816 ipso
1138 1761 1242 1803 duce
1266 1758 1512 1802 truoidauit.

254 1847 271 1878 1
288 1842 594 1878 discederuntH¹
616 1845 621 1888 1
643 1846 664 1878 3
678 1842 858 1877 Harridas
871 1841 992 1879 CHP
1006 1840 1141 1876 Aridas
1155 1841 1180 1877 d
1198 1842 1250 1875 Ar
1251 1839 1508 1885 rybaslustin.

157 1892 190 1933 7,
205 1894 240 1932 6,
255 1893 312 1925 11.
339 1894 375 1932 8,
390 1894 425 1932 6,
438 1893 470 1924 4.
487 1893 519 1926 7.
552 1890 629 1935 Ary
630 1889 723 1926 bbas
750 1889 857 1935 Troy.
873 1890 969 1934 prol.
990 1892 1015 1924 8
1039 1888 1186 1923 Arabas
1207 1887 1307 1924 Oros.
1327 1890 1364 1931 3,
1377 1889 1440 1930 12,
1453 1885 1506 1932 81

155 1937 382 1973 molosorum
409 1917 455 1971 Η
484 1938 488 1981 1
519 1937 662 1982 potitus
688 1937 787 1981 ΗΡ,
818 1947 909 1972 corr.
935 1937 960 1972 d
993 1938 999 1979 1
1033 1946 1056 1970 a
1079 1934 1204 1979 Bardy
1204 1933 1255 1970 lie
1277 1933 1360 1979 (-dy
1360 1932 1391 1968 li
1414 1943 1509 1969 corr.

155 1985 266 2028 Ded.)
299 1984 349 2019 H.
378 1983 546 2019 Valesius
577 1985 655 2020 coll.
683 1983 795 2021 Diod.
822 1987 889 2027 16,
909 1986 932 2019 4
975 1982 1150 2018 abardiae
1175 1981 1223 2017 H
1259 1980 1412 2016 abardie
1437 1980 1476 2016 P

155 2036 177 2067 4
203 2031 330 2078 ylliria
348 2030 395 2066 H
411 2033 416 2076 1
439 2030 641 2066 habentem
660 2031 705 2067 H
723 2033 729 2077 1
752 2035 773 2067 5
797 2031 952 2067 molitus
966 2030 1012 2066 H
1018 2030 1063 2073 P
1088 2040 1179 2065 corr.
1199 2029 1226 2065 d
1246 2029 1251 2073 1
1272 2027 1451 2064 inbellem

156 2083 240 2115 ante
264 2089 355 2114 corr.
384 2079 390 2122 1
424 2081 444 2113 7
471 2078 516 2114 iis
543 2078 608 2126 Ρ1
641 2079 757 2114 ferme
783 2079 830 2114 H
852 2080 858 2123 1
892 2082 913 2113 9
937 2076 1053 2123 yllirii
1076 2076 1145 2121 ΗΙ
1176 2076 1404 2111 molosorum
1429 2074 1477 2110 H

158 2131 202 2162 10
227 2125 406 2162 neclectis
431 2125 477 2161 H
494 2127 499 2170 1
524 2130 566 2160 12
593 2126 763 2161 harribas
783 2126 830 2161 H
855 2124 1026 2161 harridas
1045 2124 1104 2169 Ρ1
1127 2077 1225 2159 1130
1281 2122 1412 2158 consul
1429 2121 1477 2157 H

154 2174 292 2219 legatis
317 2173 364 2209 H
385 2177 470 2208 ante
494 2183 584 2209 corr.
609 2176 614 2216 1
639 2176 682 2208 16
709 2173 838 2209 eduxit
855 2172 991 2219 Η117
1018 2182 1103 2207 eum
1127 2182 1195 2206 om.
1297 2172 1379 2215 118
1401 2167 1507 2204 insti-

155 2223 280 2256 tuerat
299 2220 345 2256 H
362 2223 367 2265 1
390 2223 434 2255 22
454 2219 566 2255 fuluii
584 2220 654 2255 hP
673 2222 677 2263 1
700 2223 745 2255 25
770 2172 965 2266 repenti'no
986 2218 1189 2255 exercitum
1207 2219 1262 2260 (m
1281 2228 1363 2262 exp.
1375 2217 1416 2262 h)
1432 2215 1480 2252 H
1494 2215 1504 2263 1

156 2272 200 2304 26
215 2268 403 2304 diuersam
414 2267 492 2304 edd.
520 2266 717 2303 aduersam
727 2267 813 2303 ΗΡ
834 2277 1003 2303 auersam
1014 2265 1187 2302 Guietus:
1205 2265 1268 2300 sed
1280 2265 1326 2309 ef.
1339 2263 1505 2309 Appiam.

155 2316 286 2352 Harm.
295 2319 344 2351 48
366 2316 370 2361 1
393 2318 438 2350 27
452 2315 516 2350 ille
528 2314 574 2350 H
594 2314 649 2350 ita
661 2315 739 2350 edd.
764 2315 769 2358 1
791 2316 939 2360 tergum
951 2315 1012 2360 (rg
1023 2314 1065 2350 in
1077 2323 1150 2349 ras.
1164 2313 1204 2357 h)
1215 2308 1513 2348 ramanorumH
