1578 2508
160 119 246 154 XIV
693 116 982 155 PRAEFATIO.

161 229 244 329 ἐξ
279 228 350 327 ‚g
443 228 493 328 ἓ,
515 228 554 269 2.
586 227 757 281 3,4‚4.
790 226 836 281 3,
859 225 961 280 7‚5.
994 227 1039 280 3,
1062 225 1134 280 12,
1155 225 1194 268 3.
1227 224 1518 281 3‚13‚3-5.

280 320 290 341 ,
341 320 349 328 -
472 319 482 339 ,

382 228 427 282 3,

190 321 200 341 ,
381 287 422 340 4,
505 287 571 328 10.
604 286 644 339 4,
666 286 704 341 7,
727 286 779 327 11
814 285 1106 340 exemplisque
1137 284 1336 340 genuinis
1366 284 1404 338 1,
1423 285 1462 338 2,
1477 284 1517 326 6.

164 346 285 400 1,11,
307 346 373 387 13.
401 346 439 400 2,
461 346 500 397 3,
522 346 558 387 7.
587 346 626 400 2,
647 345 685 399 5,
706 345 760 386 31
784 346 827 387 et
847 345 916 386 34.
942 344 982 399 2,
1003 344 1042 399 9,
1062 344 1101 386 2.
1127 344 1168 399 4,
1188 342 1228 398 5,
1249 343 1305 385 14
1328 343 1518 385 insertae

161 405 231 447 uel
271 405 461 447 adnexae
501 406 602 446 sunt
642 403 813 445 librarii
849 403 994 445 nescio
1041 403 1161 445 cuius
1205 402 1518 444 adnotationes.

161 464 234 521 (ef.
268 463 399 506 etiam
431 463 548 505 infra
579 465 605 516 ξ
636 463 722 518 13.)

251 522 415 565 Contra
452 523 526 564 uix
564 522 852 576 suspicionem
890 521 1094 563 uidentur
1130 520 1290 563 habere
1323 519 1519 575 exempla

164 583 202 638 1,
221 583 261 637 2,
280 583 321 624 4.
357 584 394 637 1,
415 583 454 636 8,
474 582 513 624 6.
549 582 586 636 1,
608 582 676 635 11,
698 581 884 622 11-13,
919 581 957 634 2,
978 581 1017 635 3,
1040 579 1106 622 18.
1138 580 1177 632 2,
1198 578 1236 631 5,
1257 580 1327 621 31.
1359 579 1399 633 3,
1420 579 1460 634 9,
1480 578 1518 621 3.

162 643 202 693 4,
226 642 263 696 1,
286 642 341 683 14
372 655 451 683 nec
475 641 611 683 uerba
638 639 917 683 secundum
941 638 1269 681 Homericum
1295 671 1304 680 .
1325 671 1334 680 .
1354 671 1363 679 .
1388 638 1522 680 reci-

160 700 376 755 piuntur
413 701 461 755 2,
487 701 532 754 3,
558 700 612 741 21
661 701 704 741 et
743 699 829 741 sed
864 723 914 728 —
949 698 1180 741 uictores
1213 697 1260 752 2,
1280 697 1324 752 6,
1349 697 1416 739 10.
1465 696 1518 739 cf.

164 759 450 810 Quaestiones
482 773 574 813 cap.
598 758 676 801 ΙΙΙ.

251 821 277 871 ξ
301 819 368 861 10.
412 817 635 860 Nonnulla
655 817 852 872 exempla
877 817 946 858 bis
965 816 1128 858 tradita
1148 817 1268 870 sunt3
1295 817 1340 857 et
1360 814 1520 856 eisdem

160 877 333 933 quidem
364 877 512 919 uerbis
544 877 731 931 repetita
757 877 892 918 altero
925 876 1020 918 loco
1049 877 1151 917 sunt
1179 874 1308 916 haec:
1344 874 1382 924 1,
1401 873 1442 924 5,
1464 874 1520 915 12

163 937 404 991 --4,5,8,
440 936 693 990 1‚5,13=
718 936 909 990 1,1,11,
951 927 1386 988 1‚5,14=4‚5‚9;
1425 933 1521 986 1,5,

165 996 356 1049 15=4,
377 995 416 1049 5,
439 996 589 1049 10,1,
613 995 680 1049 11,
702 995 728 1036 3
755 995 872 1047 =4,
892 993 931 1047 5,
955 995 1029 1049 11,
1072 994 1109 1045 1,
1131 993 1198 1047 10,
1221 993 1243 1034 1
1273 1012 1328 1026 =
1353 992 1395 1045 4,
1417 991 1524 1046 7,6;

161 1056 202 1110 4,
221 1056 259 1110 7,
279 1055 337 1096 40
358 1074 413 1088 =
434 1055 474 1109 2,
493 1055 533 1108 4,
557 1053 628 1107 15,
662 1054 701 1104 4,
717 1054 755 1107 7,
774 1054 830 1094 41
853 1072 909 1087 ==
930 1054 969 1107 2,
988 1053 1028 1105 4,
1052 1052 1124 1103 16,
1155 1050 1305 1106 paucis
1338 1050 1519 1092 mutatis

164 1114 311 1156 eadem
338 1128 405 1155 res
430 1116 634 1155 narratur
656 1113 693 1166 1,
715 1113 756 1166 4,
776 1113 802 1153 9
824 1114 867 1153 et
889 1113 925 1164 1,
945 1112 985 1165 4,
1006 1111 1070 1164 9⁸3
1105 1111 1142 1165 1,
1162 1110 1202 1165 5,
1224 1110 1279 1151 10
1299 1111 1343 1151 et
1361 1109 1400 1163 3,
1420 1109 1460 1163 9,
1474 1109 1521 1163 9,

165 1174 202 1228 1,
223 1173 261 1226 5,
281 1173 340 1214 24
367 1173 468 1225 et2,
492 1173 559 1226 12,
578 1173 625 1227 4,
657 1172 697 1225 2,
718 1171 832 1224 8,11
856 1173 899 1212 et
917 1171 958 1224 4,
982 1171 1019 1224 1,
1038 1170 1115 1222 29,
1148 1170 1188 1223 3,
1211 1169 1278 1223 16,
1301 1169 1322 1210 1
1352 1170 1395 1210 et
1419 1168 1459 1222 4,
1482 1168 1520 1222 7,

163 1233 240 1287 36,
274 1233 313 1283 3,
334 1232 372 1285 9,
393 1231 419 1273 6
443 1235 486 1273 et
505 1232 543 1283 3,
567 1231 634 1284 11,
654 1231 700 1284 3,
731 1230 772 1284 4,
793 1231 832 1284 2,
853 1230 880 1272 5
901 1231 945 1272 et
963 1230 1004 1283 4,
1023 1229 1062 1283 2,
1085 1230 1122 1271 7.
1160 1228 1211 1269 cf.
1232 1227 1520 1277 Quaestiones

163 1305 214 1333 ca
249 1324 258 1333 .
283 1290 340 1332 Π.

217 1306 278 1402 Ρξ
303 1350 368 1391 11.
413 1348 553 1391 Multa
572 1351 716 1390 autem
737 1347 973 1390 Frontinus
992 1347 1054 1388 ita
1074 1346 1216 1400 refert,
1242 1347 1290 1387 ut
1316 1360 1342 1387 a.
1367 1344 1520 1387 ceteris

164 1409 449 1463 scriptoribus
470 1408 610 1463 magis
632 1408 830 1449 minusue
849 1406 1093 1448 dissentiat:
1115 1419 1262 1447 eorum
1277 1418 1381 1447 sane
1395 1418 1521 1459 quae-

164 1468 262 1510 dam
277 1468 555 1509 librariorum
575 1466 766 1508 incuriae
786 1465 1023 1521 imputabis
1039 1463 1107 1520 (ut
1122 1479 1160 1519 p.
1176 1463 1283 1514 54,9
1303 1462 1521 1505 rutilius

163 1542 241 1581 pro
273 1524 479 1582 rullus);
511 1526 794 1580 praenomina
825 1525 980 1566 ducum
1011 1524 1196 1565 maxime
1228 1522 1353 1564 initio
1380 1536 1518 1563 exem-

162 1586 330 1641 plorum
353 1585 497 1640 posita
517 1585 583 1640 (ut
604 1600 643 1639 p.
661 1585 727 1639 14,
744 1585 809 1626 17.
838 1584 905 1638 72,
920 1584 989 1625 21.
1016 1581 1173 1638 82,11)
1191 1581 1360 1623 idemne
1379 1583 1519 1622 muta-

163 1645 308 1687 uerint
339 1659 393 1686 an
425 1645 487 1686 ita
519 1643 741 1699 reliquerit
773 1645 940 1695 auctor,
975 1642 1189 1684 incertum
1215 1643 1283 1682 est
1314 1639 1387 1694 (cf.
1411 1641 1438 1692 ἓ
1459 1637 1523 1694 2).

165 1703 247 1746 Sed
261 1703 598 1746 differentiarum
612 1705 699 1756 aut,
714 1703 750 1744 si
771 1702 922 1756 mauis,
942 1715 1134 1743 errorum
1147 1702 1295 1742 tantus
1315 1712 1518 1740 numerus

163 1765 307 1805 exstat
334 1777 430 1805 cum
457 1763 502 1804 in
528 1763 655 1804 rebus
684 1760 751 1817 (ut
770 1762 810 1816 2,
829 1762 870 1815 4,
891 1761 930 1803 5.
962 1761 1002 1813 3,
1021 1761 1062 1814 4,
1086 1761 1121 1801 1.
1153 1759 1193 1814 3,
1213 1758 1252 1813 9,
1271 1759 1312 1800 2.
1342 1758 1382 1811 4,
1398 1758 1436 1812 1,
1449 1757 1518 1799 38.

162 1822 209 1876 4,
238 1823 283 1876 1,
306 1823 376 1864 44.
414 1823 460 1876 4,
486 1822 531 1875 3,
559 1822 603 1875 6)
645 1824 738 1862 tum
781 1820 826 1862 in
871 1819 1120 1862 nominibus
1163 1816 1336 1859 traditis
1379 1815 1520 1870 (uelut

166 1882 203 1934 1,
224 1882 263 1934 2,
285 1882 322 1922 7.
358 1882 394 1933 1,
414 1881 453 1929 4,
478 1882 513 1921 1.
551 1881 586 1934 1,
610 1881 676 1934 12,
695 1880 735 1922 3.
768 1880 809 1934 2,
829 1880 869 1934 2,
891 1880 929 1922 7.
960 1879 1000 1931 2,
1021 1878 1061 1932 4,
1083 1878 1150 1919 12.
1174 1877 1222 1930 2,
1235 1875 1275 1929 5,
1290 1875 1329 1917 7.
1359 1875 1399 1928 2,
1419 1874 1459 1928 5,
1480 1875 1519 1917 8.

163 1941 203 1994 2,
225 1941 262 1993 7,
286 1941 352 1981 11.
386 1942 423 1991 2,
444 1941 483 1992 8,
503 1941 541 1980 2.
576 1940 614 1994 2,
634 1940 673 1993 9,
695 1939 733 1981 6.
760 1935 806 1993 ’3,
827 1939 866 1992 3,
885 1938 925 1978 4.
965 1937 1004 1992 3,
1025 1936 1063 1990 6,
1085 1937 1121 1978 7.
1162 1935 1202 1989 3,
1223 1935 1260 1988 7,
1279 1934 1319 1976 4.
1360 1933 1400 1987 3,
1420 1933 1460 1987 9,
1479 1933 1519 1974 4.

164 1999 203 2053 3,
228 2000 293 2054 10,
312 2001 352 2040 4.
385 1999 424 2052 4,
445 1998 484 2049 5,
507 1999 529 2039 1
565 2022 619 2027 —
653 2013 740 2040 non
773 1997 811 2051 3,
831 1998 871 2051 2,
893 1994 987 2051 11),
1018 1997 1068 2036 ut
1098 1993 1288 2036 dubitari
1319 1995 1519 2047 nequeat,

164 2059 266 2112 quin
292 2058 384 2112 ipse
410 2058 540 2112 longe
561 2057 770 2111 plurimos
798 2054 1063 2098 commiserit
1088 2053 1157 2095 uel
1184 2053 1392 2104 auctores,
1415 2065 1518 2105 quo-

163 2132 259 2158 rum
280 2131 330 2158 ex
353 2116 476 2157 libris
504 2116 577 2157 ille
605 2116 801 2170 exempla
820 2114 1009 2168 collegit.
1051 2111 1115 2154 Of.
1135 2111 1309 2161 Quaest.
1329 2123 1420 2165 cap.
1441 2108 1517 2151 IV.

254 2178 280 2228 ξ
316 2176 382 2217 12.
444 2173 552 2216 Cum
584 2175 764 2229 longum
797 2174 870 2227 sit,
905 2173 955 2214 de
987 2169 1293 2214 consuetudine
1324 2167 1519 2210 Frontini

164 2235 236 2277 hic
257 2248 397 2290 agere,
424 2234 727 2276 adnotationes
749 2233 958 2288 quasdam
983 2230 1132 2286 paucis
1154 2229 1282 2271 liceat
1301 2227 1518 2282 supplere:

165 2309 205 2348 p.
227 2295 265 2347 7,
288 2295 341 2336 18
375 2295 430 2335 ut
457 2295 606 2335 contra
631 2307 758 2334 usum
783 2292 829 2333 in
850 2291 894 2334 P
915 2290 1098 2344 additur,
1124 2302 1226 2330 nam
1252 2301 1348 2329 cum
1373 2285 1518 2328 uerbis

167 2353 350 2408 rogandi
378 2352 496 2394 solus
523 2352 822 2393 coniunctiuus
850 2349 1052 2404 coniungi
1072 2348 1199 2403 solet,
1232 2346 1284 2389 cf.
1304 2360 1343 2400 p.
1366 2345 1433 2400 13,
1450 2344 1516 2386 13.
