1612 2488
490 107 634 144 LIBER
656 107 721 142 ΙΠ.
758 106 862 143 CAP.
889 109 1016 142 9—10.
1342 101 1428 144 103

109 253 154 290 X.
190 252 254 288 DE
280 249 607 288 DISPONENDIS
632 247 844 292 INSIDIIS,
870 247 923 283 IN
950 246 1076 291 QUAS
1102 244 1400 282 ELICIANTUR.

647 306 852 344 OBSESSI.

176 398 211 439 1.
243 394 352 438 Cato
378 396 425 437 in
449 396 680 449 conspectu
705 392 1031 446 Lacetanorum,
1056 405 1164 446 quos
1190 390 1430 441 obsidebat,

82 455 259 511 reliquis
284 469 459 498 suorum
489 453 732 506 summotis,
765 451 1105 505 Suess<et>an0s
1138 450 1347 506 quosdam
1379 463 1431 491 ex

84 514 363 557 auxiliaribus
405 513 588 556 maxime
630 511 812 554 inbelles
853 510 1030 566 adgredi
1073 509 1245 551 moenia
1286 508 1430 551 iussit:

83 573 164 616 hos
195 587 291 615 cum
314 573 432 615 facta
457 571 677 627 eruptione
703 569 908 613 Lacetani
939 569 1066 611 facile
1097 569 1357 611 auertissent
1388 571 1432 610 et

84 632 300 688 fugientes
330 631 454 674 auide
485 630 667 673 insecuti
691 632 846 680 essent,
876 628 963 670 illis
995 642 1103 683 quos
1135 627 1433 670 occultauerat

84 691 245 734 coortis
276 691 480 746 oppidum
512 689 637 744 cepit.

175 751 215 793 2.
257 749 304 792 L.
335 749 477 804 Scipio
509 749 554 791 in
586 747 803 802 Sardinia,
833 746 1054 788 cuiusdam
1086 745 1276 788 ciuitatis
1307 745 1431 799 <pro-

83 811 348 864 pugnatores
373 812 422 851 ut
440 808 626 861 eliceret,
656 806 782 859 cum>
803 809 925 861 parte
951 805 1151 859 militum,
1181 804 1332 846 relicta
1357 818 1431 859 op—

85 868 351 924 pugnatione
381 881 511 922 quam
542 866 819 919 instruxerat,
851 863 1039 919 speciem
1069 863 1275 919 fugientis
1309 877 1433 917 prae-

87 927 218 969 stitit:
249 927 537 981 insecutisque
567 928 728 967 temere
754 923 982 978 oppidanis
1013 938 1090 978 per
1121 937 1214 977 eos,
1246 936 1353 978 quos
1385 922 1432 963 in

84 986 281 1040 proximo
322 985 631 1035 occultauerat‚
663 983 866 1038 oppidum
896 982 1069 1024 inuasit.

175 1044 217 1088 3.
256 1043 501 1097 Hannibal,
543 1057 638 1085 cum
677 1042 895 1084 obsideret
934 1042 1158 1084 ciuitatem
1194 1039 1434 1094 Himeram,

87 1106 230 1145 castra
255 1117 333 1145 sua
357 1103 451 1158 capi
475 1103 527 1144 de
551 1102 764 1144 industria
787 1115 942 1155 passus
969 1104 1046 1154 est,
1076 1099 1205 1143 iussis
1237 1099 1433 1142 recedere

86 1161 264 1216 Poenis,
298 1164 524 1216 tamquam
554 1160 825 1216 praeualeret
853 1159 1011 1202 hostis:
1052 1174 1135 1214 quo
1167 1162 1326 1200 euentu
1356 1157 1434 1200 Hi-

87 1221 268 1263 meraeis
311 1221 374 1262 ita
416 1220 623 1274 deceptis,
665 1221 715 1261 ut
751 1218 909 1275 gaudio
946 1218 1109 1274 inpulsi
1148 1218 1299 1260 relicta
1329 1217 1435 1259 urbe

87 1282 390 1334 procurrerent
426 1279 480 1320 ad
515 1278 727 1320 Punicum
767 1278 951 1332 uallum,
990 1277 1213 1319 Hannibal
1253 1291 1434 1318 uacuam

88 1338 239 1380 urbem
268 1352 346 1392 per
377 1352 469 1391 eos,
501 1351 606 1392 quos
638 1338 684 1378 in
715 1336 884 1378 insidiis
916 1337 970 1378 ad
1001 1337 1112 1378 hanc
1142 1337 1283 1391 ipsam
1314 1349 1436 1377 occa-

89 1397 256 1439 sionem
286 1399 504 1451 posuerat,
535 1396 662 1450 cepit.

177 1457 218 1499 4.
260 1455 393 1508 Idem,
423 1458 472 1498 ut
504 1454 768 1510 Saguntinos
799 1454 982 1507 eliceret,
1012 1469 1112 1496 rara
1144 1454 1235 1496 acie
1261 1453 1315 1495 ad
1347 1469 1435 1495 mu-

89 1528 161 1557 ros
192 1514 399 1556 accedens
430 1514 486 1556 ad
515 1514 700 1569 primam
732 1513 997 1568 eruptionem
1035 1513 1350 1569 oppidanorum
1382 1513 1437 1554 si-

89 1573 254 1615 mulata
283 1573 387 1629 fuga
418 1573 546 1615 cessit
576 1572 921 1627 interpositoque
960 1573 1150 1614 exercitu
1189 1572 1244 1614 ab
1277 1571 1437 1627 oppido

54 1670 59 1673 .
90 1631 346 1674 interclusos
377 1646 403 1673 a
434 1631 522 1673 suis
552 1632 701 1673 hostes
731 1631 778 1672 in
808 1631 948 1673 medio
979 1631 1226 1673 trucidauit.

182 1690 222 1732 5.
260 1689 449 1732 Himilco
470 1689 840 1744 Carthaginiensis
867 1689 979 1744 apud
997 1689 1286 1744 Agrigentum
1317 1690 1438 1731 iuxta

93 1748 298 1804 oppidum
323 1751 492 1802 partem
518 1749 735 1803 copiarum
760 1749 806 1789 in
835 1747 1003 1789 insidiis
1029 1749 1178 1802 posuit
1201 1749 1439 1803 praecepit-

190 1881 207 1911 1
223 1876 262 1910 in
275 1887 341 1911 om.
362 1875 408 1911 H
442 1876 448 1922 Ι
471 1875 516 1910 de
541 1874 685 1910 insidiis
709 1885 776 1920 per
795 1885 888 1920 quas
901 1886 941 1920 p.
965 1877 1028 1919 89,
1048 1878 1071 1910 6
1093 1877 1099 1919 Ι
1120 1879 1140 1910 2
1169 1876 1325 1911 obsessis
1351 1875 1410 1910 Η1

94 1927 116 1958 3
142 1922 180 1958 C.
207 1922 298 1958 Cato
327 1923 388 1968 ΡΙ
418 1926 440 1957 4
466 1933 660 1957 suessanos
684 1922 731 1956 H
734 1922 783 1965 P,
808 1933 870 1957 em.
900 1922 1013 1958 Gron.
1039 1934 1082 1957 ecc
1107 1923 1194 1958 Liu.
1222 1926 1280 1966 34,
1305 1926 1357 1959 20
1378 1924 1383 1968 1
1419 1927 1437 1958 7

93 1970 273 2015 fugientis
298 1970 357 2014 ΡΙ
391 1980 482 2014 quas
507 1971 531 2004 d
553 1972 558 2012 Ι
590 1973 611 2004 8
637 1968 774 2004 coortis
799 1970 824 2004 d
850 1968 1011 2004 cohortis
1036 1970 1142 2015 ΗΡΙ
1171 1970 1248 2005 illis
1274 1981 1367 2015 quas
1394 1990 1440 1996 —

95 2016 309 2052 cohortibus
333 2018 411 2052 edd.
437 2017 516 2052 coll.
542 2016 626 2051 Idu.
651 2019 711 2060 34,
729 2018 781 2051 20
812 2019 817 2059 Ι
845 2019 865 2050 9
891 2020 1185 2062 propugnatores
1210 2019 1253 2052 ut
1277 2017 1439 2061 eliceret,

96 2075 181 2099 cum
205 2065 373 2108 supplevi
405 2066 411 2109 Ι
447 2068 491 2098 10
515 2063 623 2109 parte
648 2063 811 2098 militum
836 2063 923 2098 ΗΡ
940 2063 1041 2108 parti
1066 2063 1229 2098 militum
1258 2064 1349 2099 Oud.
1374 2076 1442 2109 per

94 2111 296 2145 tumultum
321 2111 398 2146 edd.
427 2111 434 2156 1
458 2114 500 2146 13
524 2110 713 2155 proximos
738 2110 783 2144 H
788 2110 833 2153 P,
857 2121 946 2146 corr.
973 2112 998 2146 d
1019 2113 1024 2154 Ι
1057 2115 1101 2145 14
1126 2123 1210 2146 cum
1235 2111 1438 2156 obsideret]

97 2156 320 2193 cumsideret
331 2157 377 2192 H
381 2157 391 2178 ¹
412 2163 416 2196 Ι
438 2157 642 2193 hiemet-am
667 2157 775 2202 ΗΡΙ
798 2161 842 2193 16
860 2158 967 2202 ponis
978 2158 1023 2193 H
1027 2159 1037 2178 ¹
1059 2163 1065 2201 Ι
1086 2158 1305 2193 hiemeraeis
1330 2158 1435 2201 HPJ

99 2208 141 2239 17
163 2203 340 2250 deceptus
359 2204 416 2240 ΗῚ
437 2209 444 2252 Ι
468 2208 510 2240 18
529 2203 671 2240 uallum
698 2207 764 2248 (ua
780 2205 824 2239 in
841 2208 932 2250 ras.)
949 2205 993 2240 H
1010 2206 1016 2251 Ι
1037 2209 1081 2240 21
1110 2204 1352 2251 Saguntinos]
1378 2205 1441 2240 Se-

98 2252 274 2295 gestanos
298 2251 507 2287 Rubenius.-
530 2252 577 2294 cf.
599 2253 719 2296 praef.
745 2251 773 2298 5
799 2254 844 2286 11
867 2253 873 2296 Ι
894 2251 1050 2297 eligeret
1075 2253 1121 2288 H
1150 2255 1155 2294 !
1188 2256 1233 2286 22
1259 2252 1441 2287 accedens

97 2298 175 2333 edd.
201 2297 427 2334 adscendens
441 2299 487 2334 H
494 2299 529 2333 P
547 2301 553 2344 l
574 2302 620 2334 25
646 2298 938 2344 carthaginensis
951 2299 997 2335 H
1015 2302 1020 2344 Ι
1041 2304 1087 2335 26
1112 2299 1259 2345 piarum
1273 2319 1317 2325 —
1336 2309 1442 2343 prae-

99 2344 272 2390 cepitque
296 2345 353 2380 his
378 2356 444 2381 om.
467 2346 514 2381 H
516 2346 527 2365 ¹

1460 815 1504 847 10

1461 1110 1504 1141 15

1462 1405 1508 1437 20

1463 1699 1508 1731 25
