1612 2488
539 87 686 125 LIBER
709 84 1427 127 IV.CAP.5.129

78 200 256 255 rogatus
287 200 402 240 esset
433 212 459 239 a
487 196 712 249 militibus,
743 195 844 263 quid
873 195 1118 250 imperaret,
1150 194 1272 248 dixit,
1303 198 1351 236 ut
1382 208 1428 236 se

80 257 379 310 imitarentur,
421 259 465 298 et
501 258 673 310 arrepto
719 255 843 311 signo
879 254 1018 297 hostis
1049 254 1214 309 primus
1246 253 1425 295 inuasit·

79 330 208 371 quem
239 290 379 358 secuti
405 315 633 357 uictoriam
665 313 808 368 adepti
839 316 951 355 sunt.

166 375 208 416 4.
251 372 456 417 Claudius
492 372 745 426 Marcellus,
788 386 884 414 cum
921 372 968 413 in
1004 386 1158 413 manus
1203 370 1428 413 Gallorum

83 433 316 487 inprudens
359 432 603 486 incidisset,
646 430 1055 485 circumspiciendae
1104 430 1294 485 regionis
1344 443 1429 486 qua
1454 439 1476 472 5

82 491 284 534 euaderet
323 505 454 546 causa
496 505 652 546 equum
694 491 740 532 in
777 490 927 532 orbem
964 489 1101 532 flexit:
1145 489 1294 530 deinde
1331 503 1431 530 cum

81 554 227 592 omnia
262 563 357 592 esse
394 549 550 592 infesta
578 548 775 602 uidisset,
813 551 1018 603 precatus
1055 548 1158 590 deos
1189 548 1235 589 in
1265 547 1429 589 medios

79 608 220 651 hostis
249 608 434 663 inrupit:
465 608 620 663 quibus
645 607 870 662 inopinata
894 607 1074 649 audacia
1103 606 1324 662 perculsis,
1355 606 1430 648 du·

81 681 175 709 cem
204 681 373 722 quoque
409 681 558 709 eorum
587 666 822 708 trucidauit
853 669 998 721 atque,
1036 666 1111 708 ubi
1143 679 1241 720 spes
1274 665 1429 708 salutis

81 726 155 768 uix
185 725 473 781 superfuerat,
502 725 601 767 inde
633 725 779 780 opima
808 725 980 766 rettulit
1010 724 1161 778 spolia.
1458 734 1502 766 10

170 783 210 826 5.
257 782 305 826 L.
322 783 497 838 Paulus,
527 784 687 826 amisso
719 784 774 826 ad
793 782 963 826 Cannas
996 783 1196 838 exercitu,
1228 783 1432 825 offerente

81 857 237 898 equom
254 842 436 885 Lentulo
462 857 546 898 quo
571 842 756 897 fugeret,
787 856 1010 897 superesse
1035 841 1147 884 cladi
1172 856 1432 897 quamquam

82 916 170 944 non
200 915 278 956 per
306 901 449 956 ipsum
481 903 725 944 contractae
755 901 913 954 noluit,
944 900 1018 943 sed
1048 901 1095 942 in
1126 915 1176 943 eo
1209 915 1333 955 saxo,
1364 901 1433 942 cui

83 974 129 1002 se
153 960 404 1002 uulneratus
429 960 734 1015 adclinauerat‚
758 960 959 1015 persedit,
991 959 1125 1002 donec
1151 960 1206 1002 ab
1230 958 1432 1002 hostibus

87 1032 318 1074 oppressus
344 1018 654 1061 confoderetur.
1462 1027 1508 1059 15

174 1077 213 1120 6.
260 1076 402 1120 Varro
433 1078 600 1132 collega
632 1078 723 1119 eius
754 1077 825 1119 uel
865 1077 1027 1120 maiore
1058 1077 1304 1119 constantia
1334 1079 1435 1131 post

85 1136 264 1178 eandem
291 1136 458 1178 cladem
483 1137 590 1178 uixit
614 1136 867 1191 gratiaeque
899 1136 939 1178 ei
964 1151 990 1178 a
1015 1139 1168 1178 senatu
1200 1138 1243 1178 et
1273 1135 1434 1191 populo

85 1197 208 1237 actae
238 1196 351 1246 sunt,
382 1195 495 1250 quod
524 1209 612 1237 non
643 1195 913 1249 desperasset
942 1209 1034 1236 rem
1064 1195 1292 1249 publicam.
1347 1208 1436 1236 non

86 1255 230 1295 autem
272 1253 388 1295 uitae
431 1254 693 1308 cupiditate,
743 1253 817 1295 sed
854 1254 917 1295 rei
959 1253 1160 1308 publicae
1202 1267 1349 1296 amore
1389 1267 1434 1295 se

84 1311 347 1366 superfuisse
383 1313 548 1366 reliquo
589 1312 745 1353 aetatis
787 1326 888 1354 suae
924 1315 1118 1367 tempore
1161 1312 1436 1367 adprobauit:
1462 1323 1507 1353 20

88 1372 131 1412 et
166 1369 347 1411 barbam
380 1370 666 1425 capillumque
698 1370 914 1412 summisit
945 1373 988 1412 et
1018 1374 1170 1425 postea
1200 1385 1435 1425 numquam

86 1428 296 1470 recubans
327 1429 470 1470 cibum
501 1429 631 1483 cepit:
661 1428 896 1471 honoribus
928 1444 1118 1484 quoque,
1160 1443 1257 1471 cum
1295 1430 1334 1471 ei
1367 1429 1436 1471 de-

86 1487 301 1529 ferrentur
343 1502 369 1529 a
410 1488 594 1543 populo,
642 1487 908 1530 renuntiauit
921 1521 932 1541 ‚
975 1488 1121 1530 dicens
1170 1488 1436 1530 felicioribus

87 1546 422 1602 magistratibus
452 1547 516 1588 rei
545 1546 742 1602 publicae
775 1560 883 1602 opus
915 1561 1019 1589 esse.

179 1605 216 1646 7.
261 1602 538 1659 Sempronius
569 1605 808 1647 Tuditanus
846 1609 890 1647 et
920 1604 996 1647 Cn.
1028 1604 1234 1647 Octauius
1270 1605 1434 1647 tribuni
1460 1615 1505 1646 25

48 1664 54 1668 ’
89 1661 279 1703 militum
310 1663 506 1704 omnibus
542 1663 651 1704 fusis
683 1664 737 1704 ad
769 1662 961 1716 Cannas,
992 1677 1090 1705 cum
1120 1665 1166 1705 in
1197 1664 1435 1705 minoribus

91 1720 245 1762 eastris
294 1720 728 1775 circumsederentur‚
778 1724 1008 1763 suaserunt
1057 1722 1437 1773 commilitonibus,

91 1778 356 1834 stringerent
386 1779 554 1834 gladios
585 1781 629 1820 et
665 1793 742 1834 per
771 1780 963 1821 hostium
994 1780 1211 1834 praesidia
1242 1794 1436 1847 erumpe-

91 1840 188 1879 rent
223 1851 390 1891 secum,
438 1838 482 1879 id
520 1837 602 1879 sibi
645 1838 777 1879 animi
814 1852 930 1891 esse,
974 1838 1146 1880 etiamsi
1182 1839 1345 1880 nemini
1383 1839 1437 1881 ad

92 1896 401 1951 erumpendum
433 1895 611 1938 audacia
642 1895 809 1951 fuisset,
839 1896 1130 1939 adfirmantes:
1161 1897 1212 1939 de
1238 1900 1437 1940 cunctan-
1465 1909 1511 1940 30

186 1991 210 2022 4
234 1987 409 2023 Claudius
428 1988 465 2022 P
487 1987 539 2023 Cl.
560 1987 594 2023 G
611 1979 656 2023 ἶ.
676 1987 714 2023 L.
735 1987 780 2022 H
798 1989 804 2033 Ι
826 1991 847 2023 6
868 1999 1086 2025 causaecum
1104 1989 1150 2024 H
1167 2000 1280 2025 causa
1304 1989 1443 2025 'circum

93 2033 165 2076 (cii
188 2034 354 2075 deletum)
379 2035 414 2070 G
434 2038 439 2079 ι
463 2039 483 2070 ’1
509 2036 608 2070 esset
632 2034 740 2079 GH!
764 2040 806 2070 11
833 2034 967 2071 amisso
990 2036 1015 2071 Ι)
1048 2036 1223 2072 ammisso
1247 2036 1353 2072 GH¹
1378 2037 1442 2071 ad·

94 2080 256 2115 missoP
271 2083 276 2122 Ι
300 2085 342 2116 12
363 2093 497 2126 equom
513 2081 611 2118 GH¹
631 2092 766 2126 equum
780 2082 816 2116 P
832 2092 927 2126 equo
946 2083 986 2118 in
1003 2083 1026 2118 h
1047 2085 1054 2128 1
1076 2083 1200 2118 claudi
1216 2083 1250 2120 G
1271 2085 1276 2129 Ι
1301 2088 1345 2118 14
1363 2084 1442 2118 uol-

95 2127 293 2163 neratusG
313 2131 318 2172 Ι
342 2132 383 2163 17
405 2128 440 2164 ei
459 2128 498 2175 a]
519 2139 563 2164 ea
581 2128 649 2170 H!
674 2132 716 2163 19
738 2139 777 2164 se
796 2140 863 2165 om.
876 2129 941 2164 H¹
962 2132 968 2174 Ι
990 2134 1034 2165 21
1054 2142 1141 2166 nam
1160 2133 1199 2166 et
1217 2131 1374 2165 barbam
1392 2130 1438 2166 d!

96 2177 143 2208 22
167 2173 369 2210 honoribus
395 2186 543 2220 quoque
563 2175 690 2211 GHP
710 2175 982 2221 honoribusque
1001 2178 1026 2212 d
1047 2179 1053 2222 Ι
1075 2182 1120 2212 25
1140 2189 1194 2212 cn.
1213 2178 1302 2213 GH
1321 2189 1340 2212 c
1359 2181 1442 2212 ante

98 2221 268 2256 lammam
291 2223 405 2257 mum
427 2222 502 2266 fere
526 2223 593 2258 litt.
618 2222 655 2256 P
674 2225 679 2266 Ι
702 2226 746 2258 27
767 2222 1113 2260 circumsiderentur
1131 2224 1221 2270 ῙιΡΙ
1244 2228 1289 2259 30
1309 2223 1442 2259 fuisset

98 2277 165 2302 om.
181 2267 218 2301 P
236 2272 244 2312 1
270 2267 316 2303 de
342 2269 602 2305 cunctantibus
618 2269 656 2304 P
682 2268 965 2306 decunctantem
981 2271 1068 2307 GH
1089 2271 1135 2307 de
1154 2271 1296 2306 cunctis
1317 2272 1445 2306 autem

101 2313 336 2351 Zechmeister
356 2317 363 2361 Ι
385 2314 446 2350 Do
473 2316 749 2362 (cunctantibus
777 2338 818 2343 —-
845 2318 1047 2363 peditibus)
1074 2318 1137 2362 qui
1162 2318 1327 2354 Eussner

170 2378 355 2407 naon-:mss
375 2381 421 2407 ed.
440 2381 662 2408 Gundermann.
1140 2380 1160 2411 9
