1612 2488
98 697 143 730 10

99 994 142 1025 15

99 1290 144 1323 20

100 1585 145 1617 25

173 41 230 84 66
447 42 546 78 IULI
570 42 806 79 FRONTINI
833 41 1261 80 STRATEGEMATON

171 165 308 206 usque
335 150 651 206 admitteretur,
675 151 912 208 fatigatum
936 151 1161 195 nocturnis
1185 153 1529 209 cogitationibus

170 210 248 254 illo
280 213 475 265 tempore
508 211 799 266 quiescentem
829 210 1010 254 inuenit.
1072 226 1168 254 cum
1206 211 1379 267 deinde,
1415 215 1526 256 tam-

171 284 302 325 quam
352 270 630 313 nuntiaturus
681 270 873 312 subitum
922 270 1087 326 aliquid
1134 285 1184 313 ac
1226 271 1528 327 necessarium,

169 329 334 371 intrare
359 329 493 371 uellet
519 332 563 371 et
587 330 867 384 pertinaciter
893 344 918 372 a
938 330 1073 372 seruis
1099 330 1342 373 ualetudini
1363 330 1528 374 domini

172 389 498 432 consulentibus
526 388 839 440 excluderetur,
865 389 1048 443 ueritus,
1071 403 1126 432 ne
1152 392 1376 445 suspectus
1401 393 1528 444 esset,

170 447 293 503 equis
333 462 440 503 quos
479 451 580 491 ante
618 451 788 502 portam
827 452 1004 503 paratos
1042 448 1234 491 habebat
1271 448 1326 491 ad
1356 448 1527 492 Mithri-

168 507 299 549 daten
330 507 494 563 refugit
524 507 694 550 inritus.

258 566 328 609 31.
372 565 591 609 Sertorius
627 567 675 608 in
714 565 949 622 Hispania,
993 580 1090 609 cum
1131 567 1247 622 apud
1283 566 1528 610 Lauronem

169 626 375 681 oppidum
406 625 552 668 uicina
577 628 723 668 castra
747 624 927 681 Pompei
954 625 1106 668 castris
1137 625 1319 669 haberet
1349 628 1393 669 et
1420 626 1528 669 duae

169 685 473 728 tantummodo
503 685 703 741 regiones
736 687 898 736 essent,
929 699 981 727 ex
1012 685 1168 740 quibus
1198 685 1405 740 pabulum
1437 686 1527 742 peti

167 747 335 800 posset,
378 759 467 786 una
506 744 552 786 in
589 744 852 800 propinquo,
896 744 1033 787 altera
1069 744 1245 799 longius
1284 745 1386 800 sita,
1430 759 1526 788 eam

169 818 279 858 quae
317 804 362 846 in
398 804 644 860 propinquo
684 807 777 846 erat
814 803 994 846 subinde
1027 818 1053 845 a
1082 803 1171 846 leui
1208 805 1429 847 armatura
1464 803 1529 846 in-

167 862 338 918 festari,
369 862 621 906 ulteriorem
654 865 800 905 autem
832 863 972 905 uetuit
1003 863 1059 905 ab
1090 863 1181 906 ullo
1209 865 1378 906 armato
1404 862 1528 915 adiri,

169 921 304 964 donec
342 923 560 977 persuasit
597 922 876 977 aduersariis,
912 922 1118 965 tutiorem
1156 936 1249 965 esse
1287 936 1396 978 quae
1434 926 1529 965 erat

169 981 391 1025 remotior.
437 997 568 1037 quam
607 996 703 1024 cum
739 982 955 1036 petissent
985 980 1260 1036 Pompeiani,
1297 981 1527 1025 Octauium

170 1040 447 1083 Graecinium
474 1055 572 1083 cum
597 1042 742 1083 decem
769 1041 1020 1083 cohortibus
1052 1041 1098 1082 in
1122 1055 1287 1083 morem
1310 1039 1528 1083 Romano·

168 1115 266 1142 rum
303 1100 484 1142 armatis
523 1103 567 1142 et
603 1100 749 1142 decem
792 1099 1091 1155 Hispanorum
1132 1099 1242 1142 leuis
1281 1103 1528 1142 armaturae

170 1162 214 1201 et
245 1159 520 1214 Tarquitium
552 1158 747 1201 Priscum
786 1174 883 1201 cum
920 1159 1086 1201 duobus
1124 1158 1300 1201 milibus
1333 1158 1528 1214 equitum

170 1218 233 1260 ire
284 1219 406 1261 iubet
450 1219 505 1260 ad
548 1218 730 1261 insidias
774 1218 1012 1260 tendendas
1057 1217 1399 1273 pabulatoribus.
1462 1217 1528 1260 illi

171 1281 346 1320 strenue
394 1278 608 1334 imperata
656 1277 831 1320 faciunt.
894 1277 1121 1332 explorata
1169 1277 1286 1320 enim
1332 1277 1528 1320 locorum

170 1339 346 1391 natura,
377 1337 421 1379 in
446 1337 590 1380 uicina
617 1337 730 1379 silua
753 1339 880 1379 nocte
905 1336 1148 1392 praedictas
1173 1337 1322 1391 copias
1349 1337 1528 1379 abscon-

171 1397 279 1438 dunt
303 1397 379 1451 ita,
402 1399 451 1439 ut
476 1396 523 1438 in
548 1396 689 1451 prima
713 1398 838 1450 parte
862 1396 982 1438 leues
1007 1394 1251 1451 Hispanos,
1275 1394 1526 1450 aptissimos

171 1455 226 1497 ad
258 1456 375 1498 furta
405 1456 636 1509 bellorum,
672 1457 901 1510 ponerent,
937 1455 1068 1509 paulo
1106 1454 1288 1496 interius
1321 1456 1528 1508 scutatos,

170 1514 216 1556 in
260 1515 554 1556 remotissimo
599 1515 784 1569 equites,
827 1528 882 1555 ne
925 1513 1100 1556 fremitu
1143 1526 1292 1555 eorum
1334 1513 1528 1568 cogitata

170 1574 474 1629 proderentur:
515 1574 735 1628 quiescere
773 1587 921 1616 omnes
960 1572 1133 1615 silentio
1172 1574 1346 1615 seruato
1376 1573 1422 1614 in
1452 1571 1527 1614 ho-

171 1647 264 1675 ram
292 1633 467 1675 tertiam
494 1632 579 1675 diei
605 1633 767 1675 iubent.
811 1647 907 1675 cum
934 1631 1085 1681 deinde
1108 1630 1364 1687 Pompeiani
1389 1630 1528 1674 securi

269 1776 287 1806 1
315 1772 602 1809 admitterentur
626 1772 672 1807 H
690 1774 694 1817 Ι
718 1771 1010 1817 cogitationibus
1036 1773 1061 1807 d
1086 1770 1340 1816 cogitantibus
1360 1771 1407 1806 H
1425 1770 1527 1816 cogi-

171 1820 314 1855 tatibus
339 1821 377 1855 P
407 1822 411 1863 Ι
446 1824 466 1855 2
494 1820 727 1864 quiescentes
760 1820 837 1864 (sed
862 1831 878 1854 s
904 1830 983 1864 eoep.
1009 1820 1049 1862 h)
1075 1819 1120 1854 H
1147 1817 1379 1862 quiescentes
1402 1817 1441 1852 P
1469 1820 1476 1857 Ι
1503 1821 1527 1852 4

171 1866 393 1902 ualitudinis
420 1868 465 1902 H
494 1870 498 1910 Ι
531 1872 551 1903 6
576 1868 731 1913 paratus
756 1867 802 1902 H
831 1868 836 1910 Ι
870 1865 1087 1901 mitridaten
1115 1865 1158 1900 H
1180 1865 1438 1900 mithridatem
1457 1864 1495 1900 P
1518 1863 1524 1910 Ι

172 1918 193 1949 9
220 1913 385 1959 pompeii
406 1915 429 1949 h
451 1918 455 1958 Ι
482 1919 523 1949 12
544 1926 639 1959 quae
659 1926 726 1951 om.
747 1914 804 1949 H¹
827 1916 832 1958 Ι
853 1913 962 1948 iussit
986 1916 1071 1948 ante
1100 1911 1269 1947 infestari
1295 1912 1428 1947 addere
1451 1921 1528 1947 non

171 1972 284 1997 ausus
301 1971 393 2004 sum,
418 1963 586 2006 quamuis
605 1963 702 1998 dura
721 1962 769 1997 sit
787 1962 925 2006 ellipsis
946 1963 951 2003 Ι
975 1964 1018 1995 13
1045 1961 1236 1994 armatura
1254 1958 1300 1994 H
1313 1961 1398 1994 ante
1421 1969 1495 1994 ras.
1519 1958 1524 2005 Ι

173 2011 217 2044 15
249 2008 447 2054 petiissent
477 2010 502 2044 d
535 2009 541 2054 1
588 2012 631 2043 16
665 2009 894 2054 graecinium
919 2007 1010 2043 ΗΡ
1055 2006 1276 2042 Graecinum
1315 2005 1409 2041 oud.
1447 2006 1526 2042 coll.

173 2055 276 2091 Plut.
303 2055 395 2092 Sert.
421 2059 474 2092 26
496 2056 502 2099 Ι
523 2066 761 2091 ramanorum
781 2056 836 2091 ΗἸ
860 2058 864 2099 Ι
889 2059 930 2090 17
959 2066 981 2090 a
1005 2054 1099 2090 leuis
1119 2053 1164 2088 H
1191 2055 1195 2098 Ι
1226 2056 1270 2088 18
1295 2052 1526 2098 tarquinium

173 2103 269 2147 ΗΡ,
295 2113 386 2139 corr.
417 2102 510 2138 Oud.
538 2114 585 2139 ex
607 2103 697 2139 Sall.
725 2104 807 2139 hist.
834 2105 869 2146 3,
894 2105 917 2138 4
941 2101 991 2137 D.
1025 2101 1030 2148 Ι
1065 2111 1147 2136 oum
1172 2111 1239 2136 om.
1264 2100 1310 2135 H
1339 2102 1344 2144 Ι
1385 2104 1428 2136 19
1454 2099 1526 2147 ire]

171 2151 277 2186 iurae
302 2150 347 2185 H
365 2154 369 2193 1
397 2153 443 2185 23
468 2150 569 2185 furta
595 2151 671 2194 (sed
691 2152 725 2185 rt
743 2151 766 2185 h
790 2151 833 2186 in
857 2160 928 2186 ras.
949 2150 1061 2184 trium
1081 2149 1167 2192 litt.)
1184 2147 1230 2182 H
1248 2149 1253 2192 Ι
1275 2151 1321 2184 24
1345 2147 1385 2183 in
1409 2157 1528 2183 remo-

172 2197 338 2232 tissimos
363 2198 423 2233 uel
446 2198 533 2232 inde
564 2196 834 2232 remotissimos
859 2198 884 2233 d
917 2199 922 2241 Ι
963 2207 1088 2232 eorum
1113 2195 1198 2239 hP,
1231 2205 1298 2230 om.
1325 2195 1383 2230 H¹
1414 2204 1527 2239 equo-

173 2257 253 2279 rum
280 2245 305 2280 d
327 2247 331 2290 Ι
354 2249 399 2280 26
424 2244 529 2280 iubet
554 2244 645 2288 ΗΡ,
670 2255 759 2281 corr.
781 2246 805 2280 d
827 2245 832 2290 Ι
855 2243 974 2279 securi
1001 2242 1218 2287 oneratique
1244 2243 1269 2278 d
1293 2242 1526 2286 seem-atique

173 2292 218 2327 H
240 2293 359 2328 securi
385 2292 580 2337 curatique
599 2291 636 2326 P
659 2303 684 2326 s.
711 2290 934 2337 grauatique
963 2289 1076 2326 Gro‘n.
1102 2303 1128 2326 s.
1155 2289 1373 2335 cui-natique
1400 2288 1492 2324 Oud.
