1612 2488
546 95 689 132 LIBER
711 96 775 134 ῙΠ.
812 97 914 134 CAP.
941 103 975 136 2.
1382 101 1438 144 91

154 205 223 255 45.
263 203 421 249 Cimon
456 204 543 248 dux
579 204 911 249 Atheniensium
951 208 997 250 in
1038 206 1171 251 Caria
1209 209 1439 252 insidiatus

92 264 263 309 cuidam
305 264 473 307 ciuitati
514 263 765 320 religiosum
814 265 968 309 incolis
1018 268 1224 323 templum
1271 267 1438 311 Dianae

90 324 331 379 luemque,
361 323 435 379 qui
466 326 590 366 extra
618 337 764 366 muros
796 327 902 381 erat,
931 330 1063 369 noctu
1092 327 1341 382 inprouisus
1371 328 1439 370 in·

92 383 251 426 cendit:
287 383 519 438 effusisque
554 382 782 439 oppidanis
819 384 875 426 ad
911 399 1038 441 opem
1076 385 1282 429 aduersus
1313 387 1436 442 ignes

90 441 311 486 ferendam
341 455 520 484 uacuam
551 442 848 485 defensoribus
879 444 995 499 cepit
1025 445 1189 488 urbem.
1463 458 1485 489 5

178 501 219 544 6.
262 500 511 544 Alcibiades
552 501 639 544 dux
678 501 1026 558 Atheniensium,
1068 518 1167 547 cum
1213 504 1438 547 ciuitatem

90 559 474 616 Agrigentinorum
505 560 679 616 egregie
708 561 919 604 munitam
951 562 1182 618 obsideret,
1211 563 1351 618 petito
1382 563 1438 606 ab

90 619 152 662 eis
180 618 363 663 concilio
393 619 468 662 diu
496 621 721 675 tamquam
751 620 804 662 de
844 621 971 664 rebus
1003 622 1057 664 ad
1088 636 1314 665 commune
1344 636 1438 678 per-

88 677 326 722 tinentibus
357 678 559 721 disseruit
595 679 643 720 in
678 678 871 735 theatro,
906 680 982 722 ubi
1018 695 1070 723 ex
1101 696 1222 724 more
1252 681 1437 725 Graeco·

88 751 185 780 rum
213 738 334 780 locus
363 738 670 780 consultationi
707 738 1013 792 praebebatur:
1050 740 1236 796 dumque
1267 741 1436 783 consilii
1465 754 1507 786 10

89 796 232 850 specie
269 799 391 839 tenet
427 796 768 850 multitudinem,
798 797 1111 850 Athenienses,
1154 814 1263 855 quos
1301 799 1356 842 ad
1392 800 1436 842 id

87 858 439 910 praeparauerat,
468 855 776 898 incustoditam
807 857 958 899 urbem
988 862 1203 913 ceperunt.

178 915 218 956 7.
259 913 585 969 Epaminondas
628 914 859 958 Thebanus
903 916 949 958 in
986 916 1175 960 Arcadia
1213 917 1282 959 die
1321 916 1435 960 festo

87 972 220 1014 effuse
237 976 372 1030 *extra
407 973 577 1015 moenia
613 974 877 1029 uagantibus
914 974 1106 1018 hostium
1142 976 1316 1019 feminis
1347 977 1435 1031 ple·

86 1044 243 1087 rosque
286 1046 339 1074 ex
380 1031 593 1075 militibus
630 1032 719 1074 suis
756 1033 957 1076 muliebri
996 1037 1153 1077 ornatu
1193 1035 1435 1078 inmiscuit:
1463 1049 1505 1080 15

86 1104 172 1144 qua
202 1090 479 1133 simulatione
514 1090 579 1132 illi
615 1091 732 1133 intra
767 1095 917 1147 portas
956 1093 1036 1135 sub
1067 1096 1240 1137 noctem
1271 1095 1435 1151 recepti

86 1151 293 1204 ceperunt
322 1149 528 1205 oppidum
560 1153 603 1192 et
635 1150 723 1193 suis
756 1155 1030 1207 aperuerunt.

175 1207 214 1250 8.
250 1207 500 1264 Aristippus
541 1208 919 1265 Lacedaemonius,
949 1210 1062 1253 festo
1106 1212 1175 1254 die
1224 1212 1434 1269 Tegeata-

85 1279 194 1321 rum,
225 1281 310 1322 quo
347 1267 487 1309 omnis
523 1268 757 1311 multitudo
790 1269 844 1311 ad
875 1269 1180 1314 celebrandum
1210 1271 1432 1315 Mineruae

86 1338 256 1366 sacrum
292 1325 398 1367 urbe
435 1338 611 1381 egressa
647 1330 759 1381 erat,
795 1327 989 1370 iumenta
1027 1330 1162 1372 saccis
1199 1330 1433 1374 frumenta—
1458 1343 1503 1374 20

84 1382 160 1425 riis
190 1383 318 1438 palea
346 1384 516 1427 refertis
550 1388 706 1427 onusta
737 1385 926 1442 Tegeam
956 1387 1089 1439 misit,
1121 1390 1349 1444 agentibus
1381 1404 1433 1432 ea

85 1441 317 1497 militibus,
354 1444 426 1498 qui
455 1444 779 1499 negotiatorum
811 1446 951 1500 specie
982 1446 1251 1490 inobseruati
1281 1451 1430 1504 portas

86 1502 347 1555 aperuerunt
376 1502 479 1546 suis.

173 1559 213 1601 9.
249 1558 491 1603 Antiochus
526 1561 573 1602 in
613 1560 889 1617 Cappadocia
929 1578 981 1605 ex
1027 1565 1207 1608 castello
1250 1564 1432 1621 Suenda,

86 1617 199 1671 quod
234 1617 476 1674 obsidebat,
512 1619 702 1662 iumenta
739 1621 1049 1664 frumentatum
1086 1637 1260 1679 egressa
1301 1625 1431 1666 inter·
1457 1637 1501 1669 25

56 1672 201 1730 ¹cepit
242 1676 478 1731 occisisque
516 1678 757 1731 calonibus,
795 1681 1028 1722 eorundem
1067 1682 1227 1723 uestitu
1269 1683 1429 1725 milites

85 1747 186 1776 suos
214 1736 437 1790 tamquam
468 1735 733 1778 frumentum
763 1741 1035 1791 reportantes
1068 1740 1303 1783 summisit:
1345 1756 1430 1798 quo

86 1806 228 1834 errore
263 1793 329 1835 illi
369 1793 618 1836 custodibus
661 1795 850 1850 deceptis
892 1797 1118 1840 castellum
1157 1799 1431 1843 intrauerunt

84 1850 436 1907 admiseruntque
466 1853 626 1895 milites
657 1853 875 1897 Antiochi.

176 1910 242 1952 10.
279 1909 494 1966 Thebani,
538 1926 634 1954 cum
671 1916 845 1968 portum
882 1912 1185 1969 Sicyoniorum
1221 1917 1345 1960 nulla
1384 1919 1429 1960 ui
1454 1931 1499 1961 30

83 1967 276 2024 redigere
300 1969 345 2011 in
369 1972 629 2026 potestatem
655 1986 777 2014 suam
801 1976 991 2028 possent,
1019 1989 1175 2017 nauem
1205 1975 1428 2032 ingentem

180 2100 202 2131 5
226 2096 419 2132 ferendum
442 2097 488 2132 H
516 2099 522 2143 Ι
562 2101 583 2133 7
609 2097 805 2134 obsederet
830 2098 866 2134 G
898 2102 905 2144 Ι
942 2104 965 2136 8
990 2102 1146 2139 consilio
1172 2103 1259 2139 GH
1264 2104 1310 2146 P,
1334 2114 1427 2140 corr.

82 2143 162 2178 edd.
183 2145 191 2185 1
214 2146 258 2178 10
280 2144 502 2188 praebeatur
525 2144 586 2179 H¹
612 2147 618 2190 Ι
642 2149 681 2180 11
710 2146 871 2190 speciem
898 2146 985 2183 GH
1002 2151 1008 2194 Ι
1028 2149 1069 2184 id
1092 2161 1158 2185 om.
1186 2151 1243 2186 H¹
1265 2152 1271 2195 Ι
1293 2154 1338 2186 14
1363 2162 1427 2186 ua-

85 2188 256 2224 cantibus
284 2189 318 2225 G
350 2193 356 2232 Ι
398 2195 439 2226 17
472 2193 786 2237 apperueruntH
818 2193 825 2239 Ι
858 2198 903 2229 21
931 2196 1064 2240 paleae
1091 2196 1127 2231 G
1164 2200 1171 2242 Ι
1207 2198 1367 2233 honesta
1393 2197 1429 2233 G

83 2236 286 2272 onestaH¹
306 2239 312 2275 Ι
333 2241 378 2272 23
392 2240 576 2284 apperunt
594 2239 641 2274 H
656 2243 739 2274 ante
763 2250 854 2276 corr.
882 2242 889 2286 Ι
910 2245 956 2277 24
980 2244 1209 2288 cappodocia
1236 2243 1271 2279 G
1291 2246 1298 2288 1
1320 2255 1427 2281 suen-

84 2282 134 2317 da
158 2282 245 2318 GH
249 2283 286 2318 P
308 2283 457 2320 Soanda
482 2285 575 2322 Oua.
599 2286 604 2333 Ι
637 2290 682 2321 25
708 2286 956 2331 quodsidebat
978 2289 1038 2324 Ηι
1058 2292 1064 2334 Ι
1091 2294 1136 2326 27
1160 2291 1427 2328 frumentatum

82 2330 310 2374 reportantis
336 2330 370 2366 G
391 2331 397 2377 Ι
418 2335 464 2367 30
487 2333 678 2377 portatum
703 2334 737 2369 G
757 2334 764 2378 Ι
785 2335 1032 2379 sycioniorum
1053 2338 1100 2372 H
