1612 2488
510 121 655 157 LIBER
679 122 723 157 11.
761 121 864 158 CAP.
892 125 992 156 1—2.
1374 119 1432 162 43

306 262 352 299 H.
389 261 453 298 DE
479 261 602 299 LOCO
627 262 692 298 AD
718 261 924 298 PUGNAM
949 260 1207 297 ELIGENDO.

177 349 214 389 1.
245 346 313 389 Μ’.
333 345 500 401 Curius,
525 347 626 402 quia
650 346 856 402 phalangi
882 347 996 402 regis
1023 345 1178 400 Pyrrhi
1205 345 1431 401 explicitae

84 406 231 450 resisti
253 420 342 448 non
371 419 499 461 posse
524 405 915 459 animaduertebat,
946 404 1062 447 dedit
1088 419 1282 460 operam,
1312 407 1361 446 ut
1387 405 1431 445 in

86 465 301 521 angustiis
338 464 606 520 confligeret,
642 464 718 506 ubi
754 463 950 506 conferta
981 464 1066 505 sibi
1097 463 1193 518 ipsa
1224 466 1339 505 esset
1369 463 1431 504 in·

84 524 345 580 pedimento.
1458 532 1478 563 5

175 583 216 624 2.
247 581 324 624 Cn.
343 581 569 636 Pompeius
594 581 642 623 in
660 580 933 637 Cappadocia
957 581 1091 636 elegit
1110 581 1262 623 castris
1288 580 1432 623 locum

86 641 266 684 editum:
296 640 407 683 unde
438 640 667 683 adiuuante
698 640 882 695 procliui
911 640 1119 694 impetum
1152 640 1341 682 militum
1370 639 1432 681 fa·

85 700 166 743 cile
195 700 291 755 ipso
322 699 501 741 decursu
531 698 830 741 Mithridatem
862 699 1096 754 superauit.

174 758 216 801 3.
245 757 291 800 C.
310 756 472 800 Caesar
495 757 700 800 aduersus
721 757 987 800 Pharnacem
1005 756 1271 800 Mithridatis
1294 757 1432 798 filium

84 817 366 859 dimicaturus
397 817 444 858 in
474 816 582 858 colle
598 815 819 858 ’instruxit
849 817 1003 871 aciem3
1036 829 1144 870 quae
1169 830 1238 858 res
1265 815 1432 871 expedi·
1461 827 1503 858 ιο

83 878 178 918 tam
208 875 248 917 ei
271 875 499 917 uictoriam
523 875 646 917 fecit:
678 889 779 917 nam
804 875 895 930 pila
919 889 971 916 ex
997 874 1112 916 edito
1138 874 1183 916 in
1208 874 1431 916 subeuntis

85 934 295 976 barbaros
326 933 486 975 emissa
514 934 711 988 protinus
743 947 815 975 eos
848 935 1111 976 auerterunt.

174 993 215 1034 4.
250 991 453 1034 Lucullus
485 992 690 1034 aduersus
720 991 1018 1034 Mithridatem
1051 994 1095 1034 et
1124 991 1359 1046 Tigranem
1388 991 1433 1033 in

85 1051 292 1093 Armenia
309 1051 471 1093 maiore
490 1050 603 1105 apud
621 1050 975 1106 Tigranocertam
994 1051 1288 1104 dimicaturus,
1308 1050 1431 1093 collis

83 1109 272 1165 proximi
299 1109 479 1165 planum
508 1109 715 1152 uerticem
744 1110 904 1165 raptim
936 1124 1034 1151 cum
1058 1112 1183 1165 parte
1208 1109 1430 1164 copiarum
1458 1120 1502 1152 15

83 1168 284 1223 adeptus,
319 1168 366 1210 in
402 1168 617 1210 subiectos
654 1167 802 1210 hostes
842 1168 1080 1211 decucurrit
1118 1170 1162 1210 et
1192 1168 1432 1223 equitatum

84 1241 235 1269 eorum
259 1241 286 1269 a
308 1226 442 1269 latere
471 1227 649 1269 inuasit:
682 1242 964 1283 auersumque
995 1230 1039 1269 et
1070 1226 1302 1269 eorundem
1332 1241 1431 1282 pro-

82 1285 200 1327 tinus
219 1285 382 1340 pedites
401 1285 730 1340 proturbantem
752 1286 969 1328 insecutus
995 1286 1279 1328 clarissimam
1298 1286 1431 1327 uicto-

85 1343 197 1385 riam
227 1343 386 1385 retulit.

112 1439 117 1443 ,
175 1401 216 1444 5.
258 1401 484 1444 Ventidius
520 1402 726 1444 aduersus
764 1402 947 1445 Parthos
984 1417 1072 1445 non
1109 1406 1210 1445 ante
1248 1402 1432 1444 militem
1459 1414 1503 1445 20

85 1460 256 1515 eduxit,
304 1475 432 1515 quam
474 1460 541 1502 illi
584 1461 830 1517 quingentis
872 1476 960 1504 non
1003 1461 1190 1517 amplius
1232 1461 1431 1516 passibus

84 1519 308 1574 abessent,
350 1522 478 1574 atque
518 1520 581 1561 ita
622 1521 900 1575 procursione
944 1521 1089 1563 subita
1132 1520 1239 1563 adeo
1278 1534 1323 1562 se
1360 1519 1431 1562 ad·

87 1578 244 1633 mouit,
290 1580 340 1620 ut
382 1578 589 1633 sagittas,
633 1579 789 1633 quibus
831 1594 884 1621 ex
926 1580 1165 1635 longinquo
1209 1593 1311 1621 usus
1355 1583 1432 1631 est,

54 1671 58 1674 Δ
84 1636 325 1678 comminus
350 1636 578 1691 adplicitus
604 1637 812 1679 eluderet:
843 1653 926 1693 quo
953 1639 1150 1692 consilio,
1175 1638 1276 1692 quia
1301 1651 1433 1692 quan-

86 1695 188 1736 dam
236 1695 368 1736 etiam
410 1694 590 1736 fiduciae
640 1697 824 1750 speciem
874 1698 1188 1750 ostentauerat,
1237 1695 1433 1738 celeriter
1458 1706 1502 1738 25

87 1753 296 1795 barbaros
328 1752 575 1794 debellauit.
621 1759 625 1762 '

177 1811 217 1853 6.
247 1810 467 1853 Hannibal
499 1811 613 1866 apud
643 1810 967 1855 Numistronem
998 1815 1149 1855 contra
1179 1811 1431 1855 Marcellum

85 1872 359 1925 pugnaturus
391 1883 521 1912 cauas
552 1873 597 1911 et
626 1872 880 1925 praeruptas
910 1871 1006 1913 uias
1038 1871 1197 1914 obiecit
1228 1886 1253 1913 a
1277 1871 1431 1914 latere:

182 1977 204 2007 2
229 1973 278 2008 M.
303 1973 398 2017 ΗΡ,
424 1983 516 2008 corr.
543 1973 636 2009 Oua.
659 1975 665 2018 Ι
694 1973 908 2020 phalangae
933 1975 971 2011 P
992 1976 999 2022 Ι
1024 1975 1127 2020 pyrri
1152 1975 1190 2011 Ρ
1213 1978 1218 2019 Ι
1253 1979 1273 2010 3
1299 1974 1431 2010 resiste

87 2019 149 2054 Ηι
167 2023 174 2061 1
195 2023 219 2054 4
243 2020 413 2055 conserta
431 2021 457 2055 d
477 2022 484 2063 l
505 2024 525 2055 7
550 2020 717 2066 proclino
731 2021 791 2067 ΡΙ
812 2024 834 2056 8
853 2022 1006 2058 decurso
1025 2023 1071 2057 H
1087 2023 1093 2067 Ι
1113 2021 1382 2057 mithridanten
1405 2021 1435 2057 C

86 2065 329 2101 mithridante
347 2067 392 2101 H
418 2070 502 2102 ante
525 2077 598 2102 ras.
627 2069 634 2112 Ι
666 2071 709 2102 10
734 2067 909 2103 instruxit
934 2090 978 2095 —
1002 2080 1061 2105 res
1091 2080 1157 2105 om.
1184 2069 1240 2104 H¹
1262 2071 1270 2114 Ι
1299 2073 1341 2104 13
1362 2068 1430 2103 Lu-

86 2111 194 2147 culus
213 2112 259 2147 H
278 2116 363 2148 ante
380 2124 471 2149 corr.
493 2114 500 2158 Ι
520 2112 751 2150 mitridatem
768 2115 816 2150 H
835 2115 1077 2152 mithridaten
1095 2116 1134 2151 P
1150 2119 1155 2160 Ι
1177 2117 1350 2161 tigranen
1370 2116 1407 2151 P
1424 2117 1427 2159 j

90 2162 133 2212 17
161 2158 428 2205 aduersumque
447 2160 492 2195 H
509 2161 516 2205 Ι
542 2160 712 2206 protinus
737 2172 821 2197 nos:
845 2163 890 2206 cfi
911 2174 951 2208 p.
977 2166 1040 2207 42,
1058 2168 1081 2200 9
1106 2165 1253 2208 partem
1278 2163 1325 2198 H
1376 2174 1431 2198 ar-

87 2206 158 2240 tam
177 2205 215 2240 P
234 2206 375 2251 pariter
393 2206 497 2242 Stew.
520 2213 525 2250 Ι
553 2207 753 2243 eorundem
772 2210 919 2254 partem
937 2210 1106 2256 peditum
1125 2211 1205 2246 edd.
1231 2220 1344 2245 eamn
1373 2219 1432 2244 em

89 2252 254 2296 partium
276 2253 421 2297 pedites
443 2257 702 2299 temptaueram
727 2259 835 2291 antea
859 2257 937 2292 coll.
956 2268 998 2302 p.
1023 2261 1085 2300 32,
1103 2261 1151 2292 19
1175 2259 1179 2298 Ι
1209 2255 1431 2302 perturban-

86 2299 167 2333 tem
188 2299 213 2334 d
240 2301 245 2342 Ι
278 2303 324 2334 20
342 2301 469 2344 partos
487 2300 534 2335 H
556 2303 561 2345 1
594 2305 638 2336 21
665 2301 773 2337 duxit
791 2302 834 2336 H
851 2302 858 2347 Ι
879 2302 1104 2349 quingentos
1129 2303 1176 2339 H
1196 2307 1279 2338 ante
1303 2313 1395 2339 corr.
1422 2304 1426 2349 Ι

87 2348 137 2379 23
162 2356 248 2380 usus
267 2348 392 2390 (prior
415 2359 440 2381 u
465 2348 505 2382 in
529 2358 602 2383 ras.
628 2349 786 2384 duarum
810 2349 884 2392 fere
908 2351 976 2386 litt.
1001 2352 1040 2394 h)
1066 2351 1112 2386 H
