1578 2508
546 95 744 131 LIBERI.
783 95 885 132 CAP.
915 101 945 132 1.
1396 97 1421 139 7

70 204 313 245 castrorum
355 205 619 258 seruaretur,
666 217 722 245 ne
771 204 872 259 quid
915 203 1135 247 Hannibal
1179 206 1421 261 suspicatus

72 261 249 304 auderet
278 261 484 303 aduersus
514 262 778 316 paucitatem
815 263 1078 306 relictorum.
1141 279 1238 306 cum
1269 265 1422 308 deinde

71 320 118 362 in
146 319 329 362 Umbria
366 321 592 363 occultatis
629 321 860 364 itineribus
898 323 1088 378 collegae
1121 337 1166 365 se
1197 324 1422 379 iunxisset,

71 378 212 421 uetuit
242 382 384 421 castra
421 379 640 435 ampliari,
675 395 730 422 ne
762 380 876 435 quod
907 381 1079 437 signum
1110 382 1322 425 aduentus
1354 384 1422 425 sui

70 436 218 479 Poeno
243 437 379 491 daret,
403 437 694 480 detractaturo
719 453 924 495 pugnam,
950 441 987 482 si
1006 441 1231 483 consulum
1249 442 1419 484 iunctas

71 496 186 538 uires
215 496 511 539 intellexisset.
558 497 694 553 igitur
722 497 903 540 inscium
932 499 1162 554 duplicatis
1187 501 1420 557 adgressus

72 554 208 610 copiis
257 555 478 610 superauit
521 559 565 598 et
606 556 795 599 uelocius
840 558 958 599 omni
1001 559 1153 601 nuntio
1196 559 1324 601 rediit
1367 560 1422 602 ad

70 612 379 656 Hannibalem:
402 613 468 656 ita
489 629 542 656 ex
560 615 727 658 duobus
747 616 1038 659 callidissimis
1059 617 1238 660 ducibus
1258 618 1420 661 Poeno-

70 686 167 714 rum
191 671 341 715 eodem
366 673 546 715 consilio
574 674 759 716 alterum
785 675 955 730 celauit,
981 677 1165 718 alterum
1192 678 1421 732 oppressit.

162 731 230 773 10.
273 731 586 774 Themistocles
629 733 863 776 exhortans
907 749 1008 776 suos
1051 735 1106 777 ad
1147 736 1418 779 suscitandos

70 788 333 832 festinanter
367 805 533 844 muros,
574 806 680 846 quos
718 792 838 834 iussu
874 792 1310 836 Lacedaemoniorum
1351 795 1419 837 de-

69 847 248 902 icerent,
272 849 429 904 legatis
451 848 773 892 Lacedaemone
799 851 961 904 missis,
986 853 1060 907 qui
1084 853 1421 908 interpellarent,

70 906 311 962 respondit,
346 910 575 949 uenturum
613 923 659 950 se
691 909 744 950 ad
776 909 1021 952 diluendam
1058 911 1170 953 hanc
1202 912 1420 955 existima-

70 965 252 1007 tionem:
306 967 351 1007 et
404 967 603 1020 peruenit
650 967 1029 1012 Lacedaemonem.
1097 970 1160 1012 ibi
1216 971 1419 1014 simulato

70 1023 223 1066 morbo
253 1023 522 1079 aliquantum
548 1026 758 1080 temporis
783 1028 987 1078 extraxit3
1019 1030 1063 1070 et
1093 1031 1326 1084 postquam
1357 1031 1419 1072 in-

69 1082 239 1125 tellexit
273 1085 519 1137 suspectam
557 1098 650 1126 esse
692 1086 1095 1141 tergiuersationem
1134 1102 1276 1143 suam,
1319 1103 1417 1131 con-

70 1141 210 1182 tendit
238 1140 397 1183 falsum
430 1142 673 1197 (allatum)
711 1144 765 1186 ad
803 1159 876 1187 eos
913 1160 1129 1188 rumorem
1160 1149 1204 1188 et
1234 1149 1420 1203 rogauit,

72 1199 295 1242 mitterent
323 1201 493 1255 aliquos
523 1215 576 1243 ex
605 1202 892 1258 principibus,
930 1205 1085 1259 quibus
1117 1205 1337 1248 crederent
1368 1207 1419 1248 de

70 1258 310 1301 munitione
339 1258 624 1302 Athenarum.
686 1262 773 1303 suis
805 1262 959 1304 deinde
994 1263 1106 1305 clam
1144 1265 1333 1319 scripsit,
1370 1267 1420 1307 ut

70 1330 145 1358 eos
181 1317 255 1372 qui
284 1318 506 1360 uenissent
541 1320 795 1375 retinerent,
834 1321 966 1363 donec
1003 1322 1174 1364 refectis
1213 1325 1417 1379 operibus

70 1376 347 1418 confiteretur
375 1376 743 1434 Lacedaemoniis,
772 1381 963 1422 munitas
996 1395 1089 1423 esse
1120 1381 1317 1424 Athenas
1348 1398 1419 1425 ne-

71 1448 154 1489 que
190 1434 319 1476 aliter
354 1435 568 1491 principes
606 1451 755 1479 eorum
790 1438 928 1480 redire
965 1454 1114 1494 posse,
1158 1455 1287 1496 quam
1324 1442 1418 1497 ipse

69 1493 276 1534 remissus
299 1493 430 1536 foret:
455 1495 569 1549 quod
594 1495 721 1538 facile
745 1497 1057 1551 praestiterunt
1076 1498 1418 1555 Lacedaemonii,

70 1565 125 1593 ne
154 1552 284 1594 unius
313 1552 540 1595 interitum
570 1555 805 1597 multorum
836 1559 974 1598 morte
1005 1562 1246 1612 pensarent.

162 1611 250 1662 [11.
279 1610 326 1652 L.
345 1610 518 1667 Furius,
543 1614 732 1655 exercitu
756 1615 961 1668 perducto
981 1616 1024 1657 in
1044 1617 1187 1658 locum
1210 1617 1418 1672 iniquum,

27 1670 32 1673 ’
72 1682 169 1709 cum
211 1669 506 1711 constituisset
542 1672 755 1713 occultare
799 1673 1136 1716 sollicitudinem
1180 1690 1321 1730 suam,
1364 1691 1418 1718 ne

70 1725 227 1781 reliqui
261 1727 547 1781 trepidarent,
584 1731 795 1783 paulatim
833 1746 878 1773 se
914 1732 1157 1786 inflectens,
1196 1736 1418 1788 tamquam

71 1783 254 1826 circuitu
284 1786 446 1828 maiore
476 1786 649 1829 hostem
680 1788 974 1844 adgressurus,
1005 1804 1214 1833 conuerso
1246 1793 1418 1847 agmine

70 1856 272 1898 ignarum
308 1844 371 1885 rei
407 1859 516 1899 quae
553 1846 764 1901 agebatur
800 1849 1036 1890 exercitum
1066 1850 1325 1894 incolumem
1355 1867 1419 1894 re-

71 1901 220 1954 duxit]

167 1998 188 2028 3
218 1995 341 2030 umbri
365 1995 411 2030 H
433 1998 439 2038 Ι
473 1999 493 2030 5
525 1996 737 2032 detracturo
764 1997 824 2042 ΡΙ
858 2001 879 2032 9
910 2002 995 2034 ante
1025 2000 1093 2035 cel.
1119 2001 1225 2036 addit
1250 2013 1288 2037 se
1315 2003 1416 2038 Har-

71 2040 119 2075 ὑεῖ
154 2040 227 2089 iter
248 2041 290 2076 O.
303 2041 518 2086 Hirschfeld
549 2045 555 2087 Ι
591 2047 633 2078 11
660 2043 744 2078 Lac.
772 2043 961 2080 deicerent
984 2057 1051 2082 om.
1072 2047 1119 2082 H
1121 2047 1132 2067 ¹
1166 2051 1170 2091 Ι
1206 2048 1418 2085 deiecerant

71 2087 406 2131 1⁸1²,m13uehzin
418 2089 549 2125 Jahrb.
562 2090 1055 2135 fiPhilol.(1883)127‚752
1078 2097 1083 2138 1
1107 2098 1150 2129 13
1164 2097 1356 2140 respondit
1365 2098 1417 2140 H,

70 2134 133 2168 sed
149 2146 168 2168 r
186 2135 230 2170 in
246 2146 319 2170 ras.
339 2136 451 2171 tn'um
468 2137 544 2179 fere
560 2138 630 2172 litt.
649 2138 672 2171 h
693 2139 699 2181 Ι
721 2137 938 2174 diluendum
957 2140 1015 2174 Η1
1041 2141 1263 2177 deluendam
1282 2143 1320 2177 P
1337 2146 1342 2187 Ι
1374 2147 1416 2178 17

73 2178 232 2216 allatum
255 2183 440 2227 suppleuit
471 2183 705 2219 Waclmnuth
729 2186 809 2220 coll.
835 2185 928 2231 Nep.
957 2187 1075 2222 Them.
1103 2191 1139 2231 7,
1161 2191 1187 2223 2
1229 2190 1417 2234 perlatum

68 2230 154 2272 post
175 2238 268 2263 rum.
294 2229 379 2264 aad.
399 2229 522 2264 Stena.-
545 2231 693 2275 ellipsin
717 2232 879 2275 defendit
904 2233 1017 2269 Tenn.
1049 2238 1054 2277 Ι
1091 2238 1134 2270 18
1159 2237 1202 2270 ut
1224 2235 1323 2271 mitt.
1345 2237 1383 2271 P

1447 454 1468 485 5

1449 749 1492 779 10

1447 1042 1491 1073 15

1444 1335 1490 1367 20

1443 1629 1489 1660 25

1442 1922 1488 1953 30

73 2277 119 2307 22
132 2272 257 2321 aliter]
278 2275 455 2311 anteScr.
479 2282 485 2320 Ι
506 2281 552 2312 25
571 2279 771 2323 exemplum
787 2281 978 2324 repetitum
996 2292 1040 2316 ex
1058 2285 1094 2324 1,
1107 2285 1199 2325 5,13
1207 2295 1221 2325 ;
1239 2283 1285 2326 cf.
1293 2285 1415 2328 praef.
1482 2263 1485 2265 -

73 2319 101 2366 5
119 2323 167 2356 10
188 2323 193 2364 1
223 2322 404 2366 producto
429 2324 456 2359 d
482 2325 487 2368 Ι
518 2328 563 2359 29
588 2325 650 2359 tur
674 2325 876 2361 exercitum
899 2327 941 2362 in
964 2338 1037 2363 ras.
1063 2329 1086 2363 h
