1612 2488
95 734 137 765 10

93 1029 134 1060 15

89 1323 133 1355 20

88 1618 131 1648 25

168 81 227 123 34
444 81 544 118 IULI
569 81 806 118 FRONTINI
832 81 1264 120 STRATEGEMATON

168 189 245 232 dro
277 189 390 232 dari:
422 204 529 245 quas
561 204 658 232 cum
690 190 808 233 iecur
833 190 1021 233 calidum
1052 191 1270 246 rapuisset
1300 194 1344 234 et
1369 207 1395 235 a
1418 207 1523 250 rege

167 248 301 291 militi
344 253 460 291 esset
503 252 745 304 ostensum,
790 249 910 292 auxit
950 250 1144 292 animum
1179 253 1403 306 tamquam
1441 252 1523 296 deo

168 308 408 363 spondente
439 308 684 351 uictoriam.

258 367 344 420 [15.
376 366 495 409 Idem
521 367 625 410 fecit
651 365 832 410 Sudines
857 367 1074 423 haruspex
1098 368 1309 423 proelium
1327 368 1521 414 Eumene

167 440 264 469 cum
296 425 436 469 Gallis
468 426 783 479 commissura]

258 485 325 528 16.
365 485 690 541 Epaminondas
729 485 960 528 Thebanus
997 485 1204 529 aduersus
1235 486 1519 531 Lacedaemo-

165 544 279 598 nios,
329 544 531 587 fiduciam
574 559 751 588 suorum
794 544 1005 599 religione
1050 544 1341 588 adiuuandam
1383 548 1521 600 ratus,

166 618 288 646 arma
325 618 434 659 quae
473 605 737 646 ornamentis
777 603 918 645 adfixa
954 604 999 645 in
1030 604 1204 659 templis
1236 607 1360 647 erant
1390 608 1519 648 nocte

165 662 383 705 subtraxit
413 663 715 718 persuasitque
746 662 958 705 militibus
989 662 1092 705 deos
1123 663 1207 705 iter
1232 678 1357 706 suum
1384 665 1519 720 sequi,

163 723 211 763 ut
243 722 557 776 proeliantibus
588 723 694 778 ipsis
727 721 939 764 adessent.
1003 762 1043 785 ⁷*

255 781 322 824 17.
359 781 592 835 Agesilaus
623 779 1011 836 Lacedaemonius,
1046 794 1143 823 cum
1174 781 1383 837 quosdam
1414 781 1516 825 Per-

163 854 309 881 sarum
335 839 539 895 cepisset,
571 854 752 895 quorum
778 839 953 882 habitus
978 840 1162 882 multum
1187 841 1368 884 terroris
1393 855 1518 896 prae-

161 898 264 950 fert,
308 899 508 954 quotiens
552 902 672 941 ueste
715 899 897 955 tegitur,
940 898 1126 942 nudatos
1170 899 1380 942 militibus
1425 901 1517 944 suis

162 958 366 1012 ostendit,
384 961 433 999 ut
458 958 558 1000 alba
582 972 764 1012 corpora
789 961 833 999 et
856 958 1100 1000 umbratica
1124 961 1516 1002 contemnerentur.

253 1017 319 1059 18.
370 1015 476 1059 Gelo
521 1014 832 1071 Syracusarum
877 1020 1084 1071 tyrannus
1127 1017 1242 1059 bello
1287 1017 1515 1060 aduersum

160 1074 329 1118 Poenos
362 1078 580 1130 suscepto,
613 1089 709 1117 cum
741 1075 902 1117 multos
935 1076 1137 1130 cepisset,
1169 1076 1514 1119 infirmissimum

161 1148 372 1190 quemque
409 1135 638 1189 praecipue
677 1134 788 1188 (ex)
827 1133 1128 1188 auxiliaribus,
1172 1134 1245 1189 qui
1288 1135 1515 1191 nigerrimi

161 1196 302 1249 erant,
344 1194 549 1235 nudatum
586 1194 630 1235 in
669 1195 946 1248 conspectum
986 1207 1162 1235 suorum
1199 1193 1423 1249 produxit,
1465 1197 1516 1237 ut

159 1252 437 1307 persuaderet
468 1252 815 1295 contemnendos.

252 1311 318 1354 19.
350 1310 488 1367 Cyrus
513 1325 588 1353 rex
613 1311 861 1365 Persarum,
891 1314 940 1353 ut
966 1311 1206 1353 concitaret
1235 1310 1404 1354 animos
1435 1326 1514 1367 po-

159 1370 398 1426 pularium,
440 1372 537 1413 tota
579 1370 647 1412 die
690 1370 736 1412 in
781 1369 1013 1413 excidenda
1056 1370 1168 1412 silua
1211 1370 1394 1425 quadam
1437 1385 1514 1413 eos

159 1430 382 1485 fatigauit3
416 1429 568 1471 deinde
599 1429 807 1484 postridie
838 1429 1059 1483 praestitit
1090 1429 1152 1470 eis
1183 1428 1514 1472 liberalissimas

160 1492 306 1543 epulas
339 1491 382 1530 et
412 1488 715 1543 interrogauit,
747 1491 843 1529 utro
868 1487 1009 1543 magis
1035 1487 1281 1542 gauderent.
1330 1501 1513 1543 cumque

159 1547 198 1588 ei
229 1548 474 1601 praesentia
503 1547 779 1602 probassent,
811 1545 948 1602 ‘atqui
978 1560 1054 1601 per
1085 1545 1219 1600 haec',
1250 1546 1408 1602 inquit,
1441 1546 1511 1588 ‘ad

157 1606 234 1648 illa
264 1606 601 1661 perueniendum
632 1608 716 1648 est:
756 1620 857 1648 nam
888 1605 1016 1648 liberi
1046 1605 1249 1660 beatique
1280 1619 1392 1661 esse,
1422 1605 1511 1648 nisi

158 1664 307 1707 Medos
338 1665 548 1719 uiceritis,
580 1679 666 1707 non
697 1663 917 1719 potestis':
961 1667 1090 1719 atque
1121 1665 1184 1706 ita
1209 1677 1281 1706 eos
1309 1663 1363 1707 ad
1393 1664 1511 1720 cupi-

158 1721 336 1766 ditatem
369 1724 523 1779 proelii
554 1723 800 1767 concitauit.

247 1783 317 1825 20.
348 1783 394 1825 L.
415 1782 552 1837 Sulla,
584 1783 684 1839 quia
714 1783 919 1825 aduersus
952 1781 1212 1825 Archelaum
1244 1781 1510 1837 praefectum

252 1903 274 1933 4
299 1899 498 1944 exemplum
522 1899 701 1934 alienum:
731 1899 777 1943 cf.
799 1899 919 1944 praef.
945 1898 973 1944 5
998 1901 1021 1934 9
1054 1901 1058 1938 Ι
1099 1896 1256 1932 Sudines
1282 1896 1437 1933 Gasaub.
1463 1908 1510 1933 ex

156 1945 336 1998 Polyaen.
350 1948 385 1988 4,
398 1950 469 1988 20;
494 1947 541 1988 cf.
555 1945 675 1981 strab.
692 1948 752 1989 16,
764 1949 788 1982 6·
811 1945 940 1991 ynides
953 1944 1060 1990 ΗΡΙ
1082 1954 1221 1989 auspex
1233 1943 1327 1987 ΗΡ,
1345 1954 1437 1980 corr.
1451 1944 1477 1980 d
1497 1943 1504 1991 Ι

158 1997 177 2028 5
203 1992 465 2028 commissuros
489 1992 546 2027 H¹
569 1994 574 2037 1
598 1997 617 2028 6
644 1992 923 2038 Epimanondas
947 1991 995 2027 H
1011 1994 1016 2035 ί
1039 1995 1059 2026 9
1085 1991 1184 2026 inter
1208 1990 1266 2025 Ηι
1288 1993 1294 2034 Ι
1327 1994 1368 2025 11
1397 2002 1507 2035 quas-

156 2040 242 2075 dam
262 2039 308 2074 H
325 2041 330 2083 Ι
351 2039 540 2086 plsssarum
567 2041 677 2083 (duae
703 2041 770 2076 litt.
797 2043 936 2083 erasae)
916 2039 999 2083 )H
1015 2039 1020 2083 Ι
1045 2042 1087 2073 12
1114 2037 1322 2082 coepissent
1343 2040 1384 2080 (n
1407 2040 1506 2082 exp.)

156 2086 201 2122 H
219 2088 223 2131 Ι
245 2086 439 2122 habitatus
458 2086 504 2120 H
523 2090 608 2123 ante
632 2098 705 2122 ras.
729 2090 780 2132 lp
783 2086 899 2122 rofert
916 2086 973 2121 H:
1001 2097 1052 2121 an
1077 2083 1224 2120 offert?
1246 2086 1251 2129 Ι
1275 2088 1319 2119 14
1343 2085 1506 2121 §temne—

155 2133 350 2178 renturH,
373 2134 434 2169 sed
453 2138 472 2169 ὂ
491 2134 532 2168 in
549 2144 622 2169 ras.
642 2135 665 2168 h
691 2134 971 2169 contemnerent
994 2133 1072 2168 edd.
1095 2133 1100 2177 Ι
1130 2135 1174 2166 15
1200 2131 1511 2176 syracusorumP

156 2182 498 2235 syracusanorumth
516 2181 593 2216 coll.
602 2192 642 2225 Ρ.
652 2184 715 2224 27,
723 2185 774 2217 25
796 2183 801 2226 1
826 2185 869 2216 17
881 2192 925 2216 ex
935 2180 1054 2224 swppl.
1065 2180 1091 2215 d
1113 2180 1117 2223 Ι
1142 2182 1185 2214 18
1199 2178 1506 2223 conspectumH,

154 2229 215 2264 ned
240 2241 276 2263 m
303 2228 482 2273 expunxit
507 2231 540 2262 et
564 2228 674 2263 erasit
699 2229 838 2272 eadem,
867 2231 909 2263 ut
933 2227 1023 2269 uid„
1048 2236 1179 2262 manus
1205 2229 1408 2280 conspectu
1434 2225 1472 2261 P
1495 2225 1500 2272 Ι

155 2279 200 2311 20
226 2286 460 2321 persararum
485 2275 526 2310 H
550 2277 635 2310 ante
658 2285 730 2310 ras
767 2277 772 2320 Ι
805 2255 848 2311 2'1
876 2273 1072 2310 excitanda
1096 2273 1142 2309 H
1166 2274 1172 2318 Ι
1205 2276 1253 2308 24
1275 2273 1328 2308 eis
1354 2273 1399 2308 H
1419 2276 1508 2309 ante

154 2333 226 2358 ras.
256 2324 260 2367 Ι
293 2326 336 2357 28
364 2323 460 2368 sylla
479 2321 564 2358 ΗΡ
