<?xml version="1.0" encoding="UTF-8"?>
<!DOCTYPE html PUBLIC "-//W3C//DTD XHTML 1.0 Transitional//EN"
    "http://www.w3.org/TR/xhtml1/DTD/xhtml1-transitional.dtd">
<html xmlns="http://www.w3.org/1999/xhtml" xml:lang="en" lang="en">
 <head>
  <title>
</title>
<meta http-equiv="Content-Type" content="text/html;charset=utf-8" />
  <meta name='ocr-system' content='tesseract 3.04.00' />
  <meta name='ocr-capabilities' content='ocr_page ocr_carea ocr_par ocr_line ocrx_word'/>
</head>
<body>
  <div class='ocr_page' id='page_1' title='image "./strategematonlib00fronuoft_0065.png"; bbox 0 0 1612 2488; ppageno 0'>
   <div class='ocr_carea' id='block_1_1' title="bbox 576 121 1451 164">
    <p class='ocr_par' dir='ltr' id='par_1_1' title="bbox 576 121 1451 164">
     <span class='ocr_line' id='line_1_1' title="bbox 576 121 1451 164; baseline 0.006 -5"><span class='ocrx_word' id='word_1_1' title='bbox 576 122 722 159; x_wconf 82' lang='lat' dir='ltr'>LIBER</span> <span class='ocrx_word' id='word_1_2' title='bbox 745 122 791 158; x_wconf 89' lang='lat' dir='ltr'><strong>H.</strong></span> <span class='ocrx_word' id='word_1_3' title='bbox 829 121 931 159; x_wconf 82' lang='lat' dir='ltr'>CAP.</span> <span class='ocrx_word' id='word_1_4' title='bbox 958 127 990 159; x_wconf 92' lang='lat'><strong>1.</strong></span> <span class='ocrx_word' id='word_1_5' title='bbox 1396 122 1451 164; x_wconf 90' lang='lat'><strong>41</strong></span> 
     </span>
    </p>
   </div>
   <div class='ocr_carea' id='block_1_2' title="bbox 54 230 1525 1988">
    <p class='ocr_par' dir='ltr' id='par_1_2' title="bbox 105 230 1454 346">
     <span class='ocr_line' id='line_1_2' title="bbox 106 230 1454 287; baseline -0.001 -12"><span class='ocrx_word' id='word_1_6' title='bbox 106 233 244 276; x_wconf 88' lang='lat' dir='ltr'><strong>defixa</strong></span> <span class='ocrx_word' id='word_1_7' title='bbox 290 235 437 275; x_wconf 88' lang='lat' dir='ltr'><strong>tenere</strong></span> <span class='ocrx_word' id='word_1_8' title='bbox 486 231 576 286; x_wconf 89' lang='lat' dir='ltr'><strong>pila</strong></span> <span class='ocrx_word' id='word_1_9' title='bbox 623 231 775 274; x_wconf 89' lang='lat' dir='ltr'><strong>iussit:</strong></span> <span class='ocrx_word' id='word_1_10' title='bbox 829 233 922 273; x_wconf 89' lang='lat' dir='ltr'><strong>tum</strong></span> <span class='ocrx_word' id='word_1_11' title='bbox 966 230 1217 273; x_wconf 71' lang='lat' dir='ltr'><strong>anhelantes</strong></span> <span class='ocrx_word' id='word_1_12' title='bbox 1273 230 1454 287; x_wconf 73' lang='lat' dir='ltr'>integris</span> 
     </span>
     <span class='ocr_line' id='line_1_3' title="bbox 105 289 1074 346; baseline -0.003 -12"><span class='ocrx_word' id='word_1_13' title='bbox 105 291 271 334; x_wconf 90' lang='lat' dir='ltr'><strong>uiribus</strong></span> <span class='ocrx_word' id='word_1_14' title='bbox 303 290 514 333; x_wconf 88' lang='lat' dir='ltr'><strong>exercitus</strong></span> <span class='ocrx_word' id='word_1_15' title='bbox 546 289 612 332; x_wconf 92' lang='lat' dir='ltr'><strong>sui</strong></span> <span class='ocrx_word' id='word_1_16' title='bbox 642 289 871 346; x_wconf 88' lang='lat' dir='ltr'><strong>adgressus</strong></span> <span class='ocrx_word' id='word_1_17' title='bbox 904 290 1074 332; x_wconf 88' lang='lat' dir='ltr'><strong>auertit.</strong></span> 
     </span>
    </p>

    <p class='ocr_par' dir='ltr' id='par_1_3' title="bbox 104 346 1500 757">
     <span class='ocr_line' id='line_1_4' title="bbox 195 346 1455 404; baseline -0.002 -12"><span class='ocrx_word' id='word_1_18' title='bbox 195 351 234 393; x_wconf 88' lang='lat'><strong>8.</strong></span> <span class='ocrx_word' id='word_1_19' title='bbox 264 348 425 392; x_wconf 82' lang='lat' dir='ltr'>Fabius</span> <span class='ocrx_word' id='word_1_20' title='bbox 449 347 663 391; x_wconf 81' lang='lat' dir='ltr'><strong>Maximus</strong></span> <span class='ocrx_word' id='word_1_21' title='bbox 694 362 781 391; x_wconf 93' lang='lat' dir='ltr'><strong>non</strong></span> <span class='ocrx_word' id='word_1_22' title='bbox 812 348 1008 404; x_wconf 88' lang='lat' dir='ltr'><strong>ignarus,</strong></span> <span class='ocrx_word' id='word_1_23' title='bbox 1038 347 1188 391; x_wconf 82' lang='lat' dir='ltr'>Gallos</span> <span class='ocrx_word' id='word_1_24' title='bbox 1219 350 1263 391; x_wconf 91' lang='lat' dir='ltr'><strong>et</strong></span> <span class='ocrx_word' id='word_1_25' title='bbox 1288 346 1455 390; x_wconf 86' lang='lat' dir='ltr'><strong>Samni·</strong></span> 
     </span>
     <span class='ocr_line' id='line_1_5' title="bbox 105 407 1454 464; baseline -0.001 -13"><span class='ocrx_word' id='word_1_26' title='bbox 105 411 172 451; x_wconf 82' lang='lat' dir='ltr'><strong>tes</strong></span> <span class='ocrx_word' id='word_1_27' title='bbox 202 408 344 464; x_wconf 89' lang='lat' dir='ltr'><strong>primo</strong></span> <span class='ocrx_word' id='word_1_28' title='bbox 374 408 538 463; x_wconf 90' lang='lat' dir='ltr'><strong>impetu</strong></span> <span class='ocrx_word' id='word_1_29' title='bbox 567 407 836 463; x_wconf 86' lang='lat' dir='ltr'><strong>praeualere,</strong></span> <span class='ocrx_word' id='word_1_30' title='bbox 868 421 1043 450; x_wconf 90' lang='lat' dir='ltr'><strong>suorum</strong></span> <span class='ocrx_word' id='word_1_31' title='bbox 1073 410 1218 450; x_wconf 90' lang='lat' dir='ltr'><strong>autem</strong></span> <span class='ocrx_word' id='word_1_32' title='bbox 1247 407 1454 463; x_wconf 87' lang='lat' dir='ltr'><strong>infatiga-</strong></span> 
     </span>
     <span class='ocr_line' id='line_1_6' title="bbox 104 465 1500 522; baseline 0.001 -12"><span class='ocrx_word' id='word_1_33' title='bbox 104 468 213 510; x_wconf 86' lang='lat' dir='ltr'><strong>biles</strong></span> <span class='ocrx_word' id='word_1_34' title='bbox 246 467 425 522; x_wconf 86' lang='lat' dir='ltr'><strong>spiritus</strong></span> <span class='ocrx_word' id='word_1_35' title='bbox 450 467 564 508; x_wconf 84' lang='lat' dir='ltr'><strong>inter</strong></span> <span class='ocrx_word' id='word_1_36' title='bbox 587 480 731 508; x_wconf 86' lang='lat' dir='ltr'><strong>moras</strong></span> <span class='ocrx_word' id='word_1_37' title='bbox 758 465 1003 509; x_wconf 89' lang='lat' dir='ltr'><strong>decertandi</strong></span> <span class='ocrx_word' id='word_1_38' title='bbox 1029 466 1160 508; x_wconf 88' lang='lat' dir='ltr'><strong>etiam</strong></span> <span class='ocrx_word' id='word_1_39' title='bbox 1185 466 1455 521; x_wconf 83' lang='lat' dir='ltr'><strong>incalescere,</strong></span> <span class='ocrx_word' id='word_1_40' title='bbox 1479 479 1500 511; x_wconf 86' lang='lat'>5</span> 
     </span>
     <span class='ocr_line' id='line_1_7' title="bbox 105 525 1456 582; baseline -0.001 -14"><span class='ocrx_word' id='word_1_41' title='bbox 105 526 337 582; x_wconf 88' lang='lat' dir='ltr'><strong>imperauit</strong></span> <span class='ocrx_word' id='word_1_42' title='bbox 371 525 600 581; x_wconf 80' lang='lat' dir='ltr'><strong>militibus,</strong></span> <span class='ocrx_word' id='word_1_43' title='bbox 645 525 836 568; x_wconf 78' lang='lat' dir='ltr'><strong>contenti</strong></span> <span class='ocrx_word' id='word_1_44' title='bbox 875 525 1016 580; x_wconf 91' lang='lat' dir='ltr'><strong>primo</strong></span> <span class='ocrx_word' id='word_1_45' title='bbox 1054 538 1291 580; x_wconf 86' lang='lat' dir='ltr'><strong>congressu</strong></span> <span class='ocrx_word' id='word_1_46' title='bbox 1328 525 1456 567; x_wconf 88' lang='lat' dir='ltr'><strong>susti-</strong></span> 
     </span>
     <span class='ocr_line' id='line_1_8' title="bbox 107 583 1455 640; baseline -0.001 -13"><span class='ocrx_word' id='word_1_47' title='bbox 107 598 211 627; x_wconf 89' lang='lat' dir='ltr'><strong>nere</strong></span> <span class='ocrx_word' id='word_1_48' title='bbox 240 584 411 627; x_wconf 88' lang='lat' dir='ltr'><strong>hostem</strong></span> <span class='ocrx_word' id='word_1_49' title='bbox 441 598 564 627; x_wconf 88' lang='lat' dir='ltr'><strong>mora</strong></span> <span class='ocrx_word' id='word_1_50' title='bbox 593 583 849 640; x_wconf 80' lang='lat' dir='ltr'><strong>fatigarent:</strong></span> <span class='ocrx_word' id='word_1_51' title='bbox 882 584 995 639; x_wconf 91' lang='lat' dir='ltr'><strong>quod</strong></span> <span class='ocrx_word' id='word_1_52' title='bbox 1025 584 1101 626; x_wconf 92' lang='lat' dir='ltr'><strong>ubi</strong></span> <span class='ocrx_word' id='word_1_53' title='bbox 1129 583 1352 638; x_wconf 88' lang='lat' dir='ltr'><strong>successit,</strong></span> <span class='ocrx_word' id='word_1_54' title='bbox 1385 583 1455 626; x_wconf 83' lang='lat' dir='ltr'><strong>ad·</strong></span> 
     </span>
     <span class='ocr_line' id='line_1_9' title="bbox 105 642 1455 698; baseline -0.002 -11"><span class='ocrx_word' id='word_1_55' title='bbox 105 646 226 687; x_wconf 85' lang='lat' dir='ltr'><strong>moto</strong></span> <span class='ocrx_word' id='word_1_56' title='bbox 270 643 403 686; x_wconf 90' lang='lat' dir='ltr'><strong>etiam</strong></span> <span class='ocrx_word' id='word_1_57' title='bbox 445 643 638 686; x_wconf 88' lang='lat' dir='ltr'><strong>subsidio</strong></span> <span class='ocrx_word' id='word_1_58' title='bbox 682 643 770 685; x_wconf 90' lang='lat' dir='ltr'><strong>suis</strong></span> <span class='ocrx_word' id='word_1_59' title='bbox 813 643 861 685; x_wconf 89' lang='lat' dir='ltr'><strong>in</strong></span> <span class='ocrx_word' id='word_1_60' title='bbox 904 643 1045 698; x_wconf 88' lang='lat' dir='ltr'><strong>prima</strong></span> <span class='ocrx_word' id='word_1_61' title='bbox 1088 643 1197 698; x_wconf 91' lang='lat' dir='ltr'><strong>acie,</strong></span> <span class='ocrx_word' id='word_1_62' title='bbox 1239 642 1455 685; x_wconf 89' lang='lat' dir='ltr'><strong>uniuersis</strong></span> 
     </span>
     <span class='ocr_line' id='line_1_10' title="bbox 105 701 912 757; baseline -0.002 -12"><span class='ocrx_word' id='word_1_63' title='bbox 105 702 271 745; x_wconf 88' lang='lat' dir='ltr'><strong>uiribus</strong></span> <span class='ocrx_word' id='word_1_64' title='bbox 303 716 556 757; x_wconf 90' lang='lat' dir='ltr'><strong>oppressum</strong></span> <span class='ocrx_word' id='word_1_65' title='bbox 586 702 699 744; x_wconf 83' lang='lat' dir='ltr'><strong>fudit</strong></span> <span class='ocrx_word' id='word_1_66' title='bbox 728 701 912 744; x_wconf 88' lang='lat' dir='ltr'><strong>hostem.</strong></span> 
     </span>
    </p>

    <p class='ocr_par' dir='ltr' id='par_1_4' title="bbox 104 759 1525 1051">
     <span class='ocr_line' id='line_1_11' title="bbox 194 759 1525 816; baseline 0.002 -14"><span class='ocrx_word' id='word_1_67' title='bbox 194 761 234 803; x_wconf 89' lang='lat'><strong>9.</strong></span> <span class='ocrx_word' id='word_1_68' title='bbox 264 760 490 816; x_wconf 82' lang='lat' dir='ltr'><strong>Philippus</strong></span> <span class='ocrx_word' id='word_1_69' title='bbox 523 760 577 802; x_wconf 90' lang='lat' dir='ltr'><strong>ad</strong></span> <span class='ocrx_word' id='word_1_70' title='bbox 603 759 893 803; x_wconf 83' lang='lat' dir='ltr'><strong>Chaeroniam</strong></span> <span class='ocrx_word' id='word_1_71' title='bbox 923 774 1105 814; x_wconf 89' lang='lat' dir='ltr'><strong>memor,</strong></span> <span class='ocrx_word' id='word_1_72' title='bbox 1137 760 1220 803; x_wconf 89' lang='lat' dir='ltr'><strong>sibi</strong></span> <span class='ocrx_word' id='word_1_73' title='bbox 1251 774 1345 803; x_wconf 85' lang='lat' dir='ltr'><strong>esse</strong></span> <span class='ocrx_word' id='word_1_74' title='bbox 1377 761 1455 802; x_wconf 89' lang='lat' dir='ltr'><strong>mi·</strong></span> <span class='ocrx_word' id='word_1_75' title='bbox 1482 773 1525 806; x_wconf 93' lang='lat'><strong>10</strong></span> 
     </span>
     <span class='ocr_line' id='line_1_12' title="bbox 104 819 1455 875; baseline 0 -14"><span class='ocrx_word' id='word_1_76' title='bbox 104 819 228 862; x_wconf 84' lang='lat' dir='ltr'><strong>litem</strong></span> <span class='ocrx_word' id='word_1_77' title='bbox 253 819 386 875; x_wconf 85' lang='lat' dir='ltr'><strong>longo</strong></span> <span class='ocrx_word' id='word_1_78' title='bbox 405 834 486 862; x_wconf 86' lang='lat' dir='ltr'><strong>usu</strong></span> <span class='ocrx_word' id='word_1_79' title='bbox 506 819 719 874; x_wconf 89' lang='lat' dir='ltr'><strong>duratum,</strong></span> <span class='ocrx_word' id='word_1_80' title='bbox 738 819 1078 861; x_wconf 90' lang='lat' dir='ltr'><strong>Atheniensibus</strong></span> <span class='ocrx_word' id='word_1_81' title='bbox 1104 833 1246 862; x_wconf 89' lang='lat' dir='ltr'><strong>acrem</strong></span> <span class='ocrx_word' id='word_1_82' title='bbox 1271 819 1455 874; x_wconf 90' lang='lat' dir='ltr'><strong>quidem,</strong></span> 
     </span>
     <span class='ocr_line' id='line_1_13' title="bbox 110 878 1455 933; baseline -0.001 -13"><span class='ocrx_word' id='word_1_83' title='bbox 110 878 185 920; x_wconf 90' lang='lat' dir='ltr'><strong>sed</strong></span> <span class='ocrx_word' id='word_1_84' title='bbox 214 878 544 920; x_wconf 82' lang='lat' dir='ltr'><strong>inexercitatum</strong></span> <span class='ocrx_word' id='word_1_85' title='bbox 574 880 616 920; x_wconf 80' lang='lat' dir='ltr'><strong>et</strong></span> <span class='ocrx_word' id='word_1_86' title='bbox 646 878 692 920; x_wconf 92' lang='lat' dir='ltr'><strong>in</strong></span> <span class='ocrx_word' id='word_1_87' title='bbox 723 878 887 933; x_wconf 89' lang='lat' dir='ltr'><strong>impetu</strong></span> <span class='ocrx_word' id='word_1_88' title='bbox 918 880 1090 920; x_wconf 85' lang='lat' dir='ltr'><strong>tantum</strong></span> <span class='ocrx_word' id='word_1_89' title='bbox 1120 878 1372 933; x_wconf 80' lang='lat' dir='ltr'><strong>uiolentam,</strong></span> <span class='ocrx_word' id='word_1_90' title='bbox 1404 891 1455 919; x_wconf 90' lang='lat' dir='ltr'><strong>ex</strong></span> 
     </span>
     <span class='ocr_line' id='line_1_14' title="bbox 105 935 1455 993; baseline 0 -15"><span class='ocrx_word' id='word_1_91' title='bbox 105 935 319 978; x_wconf 86' lang='lat' dir='ltr'><strong>industria</strong></span> <span class='ocrx_word' id='word_1_92' title='bbox 353 936 563 991; x_wconf 89' lang='lat' dir='ltr'><strong>proelium</strong></span> <span class='ocrx_word' id='word_1_93' title='bbox 600 937 752 979; x_wconf 82' lang='lat' dir='ltr'><strong>traxit:</strong></span> <span class='ocrx_word' id='word_1_94' title='bbox 794 951 979 992; x_wconf 87' lang='lat' dir='ltr'><strong>moxque</strong></span> <span class='ocrx_word' id='word_1_95' title='bbox 1021 936 1329 993; x_wconf 88' lang='lat' dir='ltr'><strong>languentibus</strong></span> <span class='ocrx_word' id='word_1_96' title='bbox 1366 937 1455 978; x_wconf 86' lang='lat' dir='ltr'><strong>iam</strong></span> 
     </span>
     <span class='ocr_line' id='line_1_15' title="bbox 105 994 1454 1051; baseline 0.001 -14"><span class='ocrx_word' id='word_1_97' title='bbox 105 994 446 1037; x_wconf 80' lang='lat' dir='ltr'><strong>Atheniensibus</strong></span> <span class='ocrx_word' id='word_1_98' title='bbox 471 995 727 1038; x_wconf 87' lang='lat' dir='ltr'><strong>concitatius</strong></span> <span class='ocrx_word' id='word_1_99' title='bbox 753 995 902 1038; x_wconf 89' lang='lat' dir='ltr'><strong>intulit</strong></span> <span class='ocrx_word' id='word_1_100' title='bbox 927 995 1051 1051; x_wconf 87' lang='lat' dir='ltr'><strong>signa</strong></span> <span class='ocrx_word' id='word_1_101' title='bbox 1077 998 1120 1037; x_wconf 90' lang='lat' dir='ltr'><strong>et</strong></span> <span class='ocrx_word' id='word_1_102' title='bbox 1143 996 1264 1051; x_wconf 88' lang='lat' dir='ltr'><strong>ipsos</strong></span> <span class='ocrx_word' id='word_1_103' title='bbox 1290 995 1454 1038; x_wconf 82' lang='lat' dir='ltr'><strong>cecidit.</strong></span> 
     </span>
    </p>

    <p class='ocr_par' dir='ltr' id='par_1_5' title="bbox 105 1052 1524 1228">
     <span class='ocr_line' id='line_1_16' title="bbox 198 1052 1524 1110; baseline 0.002 -14"><span class='ocrx_word' id='word_1_104' title='bbox 198 1054 266 1096; x_wconf 92' lang='grc'><strong>10.</strong></span> <span class='ocrx_word' id='word_1_105' title='bbox 295 1052 623 1097; x_wconf 88' lang='lat' dir='ltr'><strong>Lacedaemonii</strong></span> <span class='ocrx_word' id='word_1_106' title='bbox 649 1054 853 1097; x_wconf 88' lang='lat' dir='ltr'><strong>certiores</strong></span> <span class='ocrx_word' id='word_1_107' title='bbox 879 1055 933 1096; x_wconf 88' lang='lat' dir='ltr'><strong>ab</strong></span> <span class='ocrx_word' id='word_1_108' title='bbox 960 1055 1304 1110; x_wconf 86' lang='lat' dir='ltr'><strong>exploratoribus</strong></span> <span class='ocrx_word' id='word_1_109' title='bbox 1335 1054 1454 1106; x_wconf 87' lang='lat' dir='ltr'><strong>facti,</strong></span> <span class='ocrx_word' id='word_1_110' title='bbox 1481 1067 1524 1099; x_wconf 84' lang='lat'><strong>15</strong></span> 
     </span>
     <span class='ocr_line' id='line_1_17' title="bbox 105 1111 1455 1169; baseline 0 -14"><span class='ocrx_word' id='word_1_111' title='bbox 105 1111 342 1155; x_wconf 85' lang='lat' dir='ltr'><strong>Messenios</strong></span> <span class='ocrx_word' id='word_1_112' title='bbox 360 1113 407 1154; x_wconf 92' lang='lat' dir='ltr'><strong>in</strong></span> <span class='ocrx_word' id='word_1_113' title='bbox 425 1127 521 1155; x_wconf 91' lang='lat' dir='ltr'><strong>eam</strong></span> <span class='ocrx_word' id='word_1_114' title='bbox 542 1113 748 1156; x_wconf 87' lang='lat' dir='ltr'><strong>exarsisse</strong></span> <span class='ocrx_word' id='word_1_115' title='bbox 772 1113 951 1168; x_wconf 88' lang='lat' dir='ltr'><strong>rabiem,</strong></span> <span class='ocrx_word' id='word_1_116' title='bbox 973 1117 1023 1155; x_wconf 93' lang='lat' dir='ltr'><strong>ut</strong></span> <span class='ocrx_word' id='word_1_117' title='bbox 1046 1114 1093 1155; x_wconf 93' lang='lat' dir='ltr'><strong>in</strong></span> <span class='ocrx_word' id='word_1_118' title='bbox 1117 1114 1331 1169; x_wconf 90' lang='lat' dir='ltr'><strong>proelium</strong></span> <span class='ocrx_word' id='word_1_119' title='bbox 1357 1127 1455 1155; x_wconf 92' lang='lat' dir='ltr'><strong>cum</strong></span> 
     </span>
     <span class='ocr_line' id='line_1_18' title="bbox 106 1171 1453 1228; baseline 0.001 -15"><span class='ocrx_word' id='word_1_120' title='bbox 106 1171 361 1227; x_wconf 87' lang='lat' dir='ltr'><strong>coniugibus</strong></span> <span class='ocrx_word' id='word_1_121' title='bbox 387 1185 437 1214; x_wconf 89' lang='lat' dir='ltr'><strong>ac</strong></span> <span class='ocrx_word' id='word_1_122' title='bbox 461 1171 608 1214; x_wconf 90' lang='lat' dir='ltr'><strong>liberis</strong></span> <span class='ocrx_word' id='word_1_123' title='bbox 628 1171 946 1227; x_wconf 87' lang='lat' dir='ltr'><strong>descenderent,</strong></span> <span class='ocrx_word' id='word_1_124' title='bbox 970 1186 1163 1228; x_wconf 89' lang='lat' dir='ltr'><strong>pugnam</strong></span> <span class='ocrx_word' id='word_1_125' title='bbox 1181 1173 1453 1215; x_wconf 87' lang='lat' dir='ltr'><strong>distulerunt.</strong></span> 
     </span>
    </p>

    <p class='ocr_par' dir='ltr' id='par_1_6' title="bbox 106 1228 1523 1522">
     <span class='ocr_line' id='line_1_19' title="bbox 198 1228 1454 1285; baseline 0 -13"><span class='ocrx_word' id='word_1_126' title='bbox 198 1231 265 1273; x_wconf 91' lang='grc'><strong>11.</strong></span> <span class='ocrx_word' id='word_1_127' title='bbox 297 1229 343 1273; x_wconf 82' lang='lat' dir='ltr'><strong>G.</strong></span> <span class='ocrx_word' id='word_1_128' title='bbox 361 1228 521 1273; x_wconf 85' lang='lat' dir='ltr'><strong>Caesar</strong></span> <span class='ocrx_word' id='word_1_129' title='bbox 546 1231 658 1273; x_wconf 88' lang='lat' dir='ltr'><strong>bello</strong></span> <span class='ocrx_word' id='word_1_130' title='bbox 683 1231 813 1285; x_wconf 90' lang='lat' dir='ltr'><strong>ciuili,</strong></span> <span class='ocrx_word' id='word_1_131' title='bbox 837 1245 935 1274; x_wconf 92' lang='lat' dir='ltr'><strong>cum</strong></span> <span class='ocrx_word' id='word_1_132' title='bbox 958 1231 1192 1274; x_wconf 88' lang='lat' dir='ltr'><strong>exercitum</strong></span> <span class='ocrx_word' id='word_1_133' title='bbox 1211 1231 1385 1273; x_wconf 88' lang='lat' dir='ltr'><strong>Afranii</strong></span> <span class='ocrx_word' id='word_1_134' title='bbox 1411 1233 1454 1273; x_wconf 89' lang='lat' dir='ltr'><strong>et</strong></span> 
     </span>
     <span class='ocr_line' id='line_1_20' title="bbox 107 1287 1454 1345; baseline 0.001 -15"><span class='ocrx_word' id='word_1_135' title='bbox 107 1287 250 1330; x_wconf 88' lang='lat' dir='ltr'><strong>Petrei</strong></span> <span class='ocrx_word' id='word_1_136' title='bbox 269 1289 640 1331; x_wconf 81' lang='lat' dir='ltr'><strong>circumuallatum</strong></span> <span class='ocrx_word' id='word_1_137' title='bbox 661 1290 734 1332; x_wconf 90' lang='lat' dir='ltr'><strong>siti</strong></span> <span class='ocrx_word' id='word_1_138' title='bbox 753 1292 934 1344; x_wconf 90' lang='lat' dir='ltr'><strong>angeret</strong></span> <span class='ocrx_word' id='word_1_139' title='bbox 954 1290 1078 1345; x_wconf 89' lang='lat' dir='ltr'><strong>isque</strong></span> <span class='ocrx_word' id='word_1_140' title='bbox 1098 1291 1154 1332; x_wconf 93' lang='lat' dir='ltr'><strong>ob</strong></span> <span class='ocrx_word' id='word_1_141' title='bbox 1179 1290 1262 1332; x_wconf 90' lang='lat' dir='ltr'><strong>hoc</strong></span> <span class='ocrx_word' id='word_1_142' title='bbox 1281 1304 1454 1344; x_wconf 87' lang='lat' dir='ltr'><strong>exaspe-</strong></span> 
     </span>
     <span class='ocr_line' id='line_1_21' title="bbox 106 1346 1523 1405; baseline 0.003 -17"><span class='ocrx_word' id='word_1_143' title='bbox 106 1348 226 1388; x_wconf 86' lang='lat' dir='ltr'><strong>ratus</strong></span> <span class='ocrx_word' id='word_1_144' title='bbox 235 1346 474 1390; x_wconf 87' lang='lat' dir='ltr'><strong>interfectis</strong></span> <span class='ocrx_word' id='word_1_145' title='bbox 485 1348 684 1390; x_wconf 88' lang='lat' dir='ltr'><strong>omnibus</strong></span> <span class='ocrx_word' id='word_1_146' title='bbox 698 1348 1004 1404; x_wconf 88' lang='lat' dir='ltr'><strong>inpedimentis</strong></span> <span class='ocrx_word' id='word_1_147' title='bbox 1014 1349 1068 1391; x_wconf 89' lang='lat' dir='ltr'><strong>ad</strong></span> <span class='ocrx_word' id='word_1_148' title='bbox 1080 1363 1273 1405; x_wconf 87' lang='lat' dir='ltr'><strong>pugnam</strong></span> <span class='ocrx_word' id='word_1_149' title='bbox 1284 1349 1452 1391; x_wconf 89' lang='lat' dir='ltr'><strong>descen·</strong></span> <span class='ocrx_word' id='word_1_150' title='bbox 1477 1361 1523 1393; x_wconf 81' lang='lat'><strong>20</strong></span> 
     </span>
     <span class='ocr_line' id='line_1_22' title="bbox 107 1404 1453 1462; baseline 0.002 -16"><span class='ocrx_word' id='word_1_151' title='bbox 107 1404 260 1459; x_wconf 88' lang='lat' dir='ltr'><strong>disset,</strong></span> <span class='ocrx_word' id='word_1_152' title='bbox 298 1407 510 1448; x_wconf 87' lang='lat' dir='ltr'><strong>continuit</strong></span> <span class='ocrx_word' id='word_1_153' title='bbox 541 1421 642 1449; x_wconf 89' lang='lat' dir='ltr'><strong>suos</strong></span> <span class='ocrx_word' id='word_1_154' title='bbox 649 1440 662 1462; x_wconf 94' lang='lat'><strong>,</strong></span> <span class='ocrx_word' id='word_1_155' title='bbox 700 1408 934 1449; x_wconf 88' lang='lat' dir='ltr'><strong>arbitratus</strong></span> <span class='ocrx_word' id='word_1_156' title='bbox 967 1408 1155 1450; x_wconf 88' lang='lat' dir='ltr'><strong>alienum</strong></span> <span class='ocrx_word' id='word_1_157' title='bbox 1186 1407 1453 1450; x_wconf 88' lang='lat' dir='ltr'><strong>dimicationi</strong></span> 
     </span>
     <span class='ocr_line' id='line_1_23' title="bbox 106 1465 1453 1522; baseline 0.002 -17"><span class='ocrx_word' id='word_1_158' title='bbox 106 1466 294 1519; x_wconf 89' lang='lat' dir='ltr'><strong>tempus,</strong></span> <span class='ocrx_word' id='word_1_159' title='bbox 326 1465 441 1519; x_wconf 90' lang='lat' dir='ltr'><strong>quod</strong></span> <span class='ocrx_word' id='word_1_160' title='bbox 467 1465 735 1508; x_wconf 89' lang='lat' dir='ltr'><strong>aduersarios</strong></span> <span class='ocrx_word' id='word_1_161' title='bbox 760 1466 824 1508; x_wconf 87' lang='lat' dir='ltr'><strong>ira</strong></span> <span class='ocrx_word' id='word_1_162' title='bbox 850 1468 893 1507; x_wconf 90' lang='lat' dir='ltr'><strong>et</strong></span> <span class='ocrx_word' id='word_1_163' title='bbox 919 1466 1162 1522; x_wconf 88' lang='lat' dir='ltr'><strong>desperatio</strong></span> <span class='ocrx_word' id='word_1_164' title='bbox 1194 1466 1453 1509; x_wconf 90' lang='lat' dir='ltr'><strong>incenderet.</strong></span> 
     </span>
    </p>

    <p class='ocr_par' dir='ltr' id='par_1_7' title="bbox 54 1521 1523 1929">
     <span class='ocr_line' id='line_1_24' title="bbox 198 1521 1453 1581; baseline 0.002 -17"><span class='ocrx_word' id='word_1_165' title='bbox 198 1523 266 1564; x_wconf 84' lang='lat'><strong>12.</strong></span> <span class='ocrx_word' id='word_1_166' title='bbox 300 1521 375 1566; x_wconf 84' lang='lat' dir='ltr'><strong>Cn.</strong></span> <span class='ocrx_word' id='word_1_167' title='bbox 399 1522 647 1579; x_wconf 88' lang='lat' dir='ltr'><strong>Pompeius,</strong></span> <span class='ocrx_word' id='word_1_168' title='bbox 677 1524 916 1581; x_wconf 89' lang='lat' dir='ltr'><strong>fugientem</strong></span> <span class='ocrx_word' id='word_1_169' title='bbox 946 1524 1244 1568; x_wconf 82' lang='lat' dir='ltr'><strong>Mithridatem</strong></span> <span class='ocrx_word' id='word_1_170' title='bbox 1276 1526 1453 1580; x_wconf 89' lang='lat' dir='ltr'><strong>cupiens</strong></span> 
     </span>
     <span class='ocr_line' id='line_1_25' title="bbox 107 1580 1454 1639; baseline 0.003 -17"><span class='ocrx_word' id='word_1_171' title='bbox 107 1580 162 1622; x_wconf 90' lang='lat' dir='ltr'><strong>ad</strong></span> <span class='ocrx_word' id='word_1_172' title='bbox 204 1582 415 1636; x_wconf 91' lang='lat' dir='ltr'><strong>proelium</strong></span> <span class='ocrx_word' id='word_1_173' title='bbox 464 1583 739 1638; x_wconf 90' lang='lat' dir='ltr'><strong>compellere,</strong></span> <span class='ocrx_word' id='word_1_174' title='bbox 788 1584 923 1639; x_wconf 90' lang='lat' dir='ltr'><strong>elegit</strong></span> <span class='ocrx_word' id='word_1_175' title='bbox 970 1588 1143 1639; x_wconf 87' lang='lat' dir='ltr'><strong>tempus</strong></span> <span class='ocrx_word' id='word_1_176' title='bbox 1187 1583 1454 1626; x_wconf 89' lang='lat' dir='ltr'><strong>dimicationi</strong></span> 
     </span>
     <span class='ocr_line' id='line_1_26' title="bbox 54 1641 1523 1697; baseline 0.003 -17"><span class='ocrx_word' id='word_1_177' title='bbox 54 1671 59 1674; x_wconf 89' lang='lat'>.</span> <span class='ocrx_word' id='word_1_178' title='bbox 106 1642 384 1694; x_wconf 87' lang='lat' dir='ltr'><strong>nocturnum,</strong></span> <span class='ocrx_word' id='word_1_179' title='bbox 414 1642 465 1682; x_wconf 87' lang='lat' dir='ltr'><strong>ut</strong></span> <span class='ocrx_word' id='word_1_180' title='bbox 495 1641 671 1683; x_wconf 89' lang='lat' dir='ltr'><strong>abeunti</strong></span> <span class='ocrx_word' id='word_1_181' title='bbox 703 1656 747 1684; x_wconf 89' lang='lat' dir='ltr'><strong>se</strong></span> <span class='ocrx_word' id='word_1_182' title='bbox 779 1646 1036 1697; x_wconf 88' lang='lat' dir='ltr'><strong>opponeret:</strong></span> <span class='ocrx_word' id='word_1_183' title='bbox 1079 1645 1208 1697; x_wconf 88' lang='lat' dir='ltr'><strong>atque</strong></span> <span class='ocrx_word' id='word_1_184' title='bbox 1237 1643 1301 1684; x_wconf 90' lang='lat' dir='ltr'><strong>ita</strong></span> <span class='ocrx_word' id='word_1_185' title='bbox 1331 1656 1453 1697; x_wconf 89' lang='lat' dir='ltr'><strong>prae-</strong></span> <span class='ocrx_word' id='word_1_186' title='bbox 1479 1654 1523 1685; x_wconf 81' lang='lat'><strong>25</strong></span> 
     </span>
     <span class='ocr_line' id='line_1_27' title="bbox 106 1698 1454 1751; baseline 0.003 -13"><span class='ocrx_word' id='word_1_187' title='bbox 106 1699 284 1751; x_wconf 89' lang='lat' dir='ltr'><strong>paratus</strong></span> <span class='ocrx_word' id='word_1_188' title='bbox 317 1698 507 1740; x_wconf 87' lang='lat' dir='ltr'><strong>subitam</strong></span> <span class='ocrx_word' id='word_1_189' title='bbox 542 1699 742 1741; x_wconf 90' lang='lat' dir='ltr'><strong>hostibus</strong></span> <span class='ocrx_word' id='word_1_190' title='bbox 773 1701 1074 1742; x_wconf 87' lang='lat' dir='ltr'><strong>necessitatem</strong></span> <span class='ocrx_word' id='word_1_191' title='bbox 1106 1701 1360 1743; x_wconf 90' lang='lat' dir='ltr'><strong>decernendi</strong></span> <span class='ocrx_word' id='word_1_192' title='bbox 1391 1700 1454 1742; x_wconf 86' lang='lat' dir='ltr'><strong>in-</strong></span> 
     </span>
     <span class='ocr_line' id='line_1_28' title="bbox 107 1755 1455 1813; baseline 0.004 -17"><span class='ocrx_word' id='word_1_193' title='bbox 107 1755 221 1797; x_wconf 91' lang='lat' dir='ltr'><strong>iecit.</strong></span> <span class='ocrx_word' id='word_1_194' title='bbox 280 1758 503 1811; x_wconf 86' lang='lat' dir='ltr'><strong>praeterea</strong></span> <span class='ocrx_word' id='word_1_195' title='bbox 541 1758 601 1799; x_wconf 92' lang='lat' dir='ltr'><strong>sic</strong></span> <span class='ocrx_word' id='word_1_196' title='bbox 639 1758 866 1800; x_wconf 88' lang='lat' dir='ltr'><strong>constituit</strong></span> <span class='ocrx_word' id='word_1_197' title='bbox 903 1759 1057 1813; x_wconf 90' lang='lat' dir='ltr'><strong>aciem,</strong></span> <span class='ocrx_word' id='word_1_198' title='bbox 1093 1762 1142 1800; x_wconf 89' lang='lat' dir='ltr'><strong>ut</strong></span> <span class='ocrx_word' id='word_1_199' title='bbox 1176 1758 1455 1801; x_wconf 86' lang='lat' dir='ltr'><strong>Ponticorum</strong></span> 
     </span>
     <span class='ocr_line' id='line_1_29' title="bbox 109 1813 1455 1872; baseline 0.003 -17"><span class='ocrx_word' id='word_1_200' title='bbox 109 1813 282 1868; x_wconf 90' lang='lat' dir='ltr'><strong>quidem</strong></span> <span class='ocrx_word' id='word_1_201' title='bbox 307 1815 454 1857; x_wconf 89' lang='lat' dir='ltr'><strong>oculos</strong></span> <span class='ocrx_word' id='word_1_202' title='bbox 480 1814 659 1858; x_wconf 88' lang='lat' dir='ltr'><strong>aduersa</strong></span> <span class='ocrx_word' id='word_1_203' title='bbox 682 1817 786 1859; x_wconf 82' lang='lat' dir='ltr'><strong>luna</strong></span> <span class='ocrx_word' id='word_1_204' title='bbox 809 1817 1164 1872; x_wconf 86' lang='lat' dir='ltr'><strong>praestringeret,</strong></span> <span class='ocrx_word' id='word_1_205' title='bbox 1192 1818 1283 1859; x_wconf 90' lang='lat' dir='ltr'><strong>suis</strong></span> <span class='ocrx_word' id='word_1_206' title='bbox 1309 1820 1455 1860; x_wconf 88' lang='lat' dir='ltr'><strong>autem</strong></span> 
     </span>
     <span class='ocr_line' id='line_1_30' title="bbox 107 1872 1185 1929; baseline 0.004 -15"><span class='ocrx_word' id='word_1_207' title='bbox 107 1872 336 1915; x_wconf 90' lang='lat' dir='ltr'><strong>inlustrem</strong></span> <span class='ocrx_word' id='word_1_208' title='bbox 368 1876 412 1915; x_wconf 85' lang='lat' dir='ltr'><strong>et</strong></span> <span class='ocrx_word' id='word_1_209' title='bbox 442 1874 719 1929; x_wconf 90' lang='lat' dir='ltr'><strong>conspicuum</strong></span> <span class='ocrx_word' id='word_1_210' title='bbox 749 1875 975 1929; x_wconf 89' lang='lat' dir='ltr'><strong>praeberet</strong></span> <span class='ocrx_word' id='word_1_211' title='bbox 1003 1875 1185 1918; x_wconf 86' lang='lat' dir='ltr'><strong>hostem.</strong></span> 
     </span>
    </p>

    <p class='ocr_par' dir='ltr' id='par_1_8' title="bbox 200 1931 1525 1988">
     <span class='ocr_line' id='line_1_31' title="bbox 200 1931 1525 1988; baseline 0.004 -15"><span class='ocrx_word' id='word_1_212' title='bbox 200 1931 267 1973; x_wconf 89' lang='lat'><strong>13.</strong></span> <span class='ocrx_word' id='word_1_213' title='bbox 306 1931 562 1987; x_wconf 88' lang='lat' dir='ltr'><strong>Iugurtham</strong></span> <span class='ocrx_word' id='word_1_214' title='bbox 594 1935 781 1988; x_wconf 89' lang='lat' dir='ltr'><strong>constat,</strong></span> <span class='ocrx_word' id='word_1_215' title='bbox 818 1948 1053 1976; x_wconf 89' lang='lat' dir='ltr'><strong>memorem</strong></span> <span class='ocrx_word' id='word_1_216' title='bbox 1090 1935 1266 1977; x_wconf 90' lang='lat' dir='ltr'><strong>uirtutis</strong></span> <span class='ocrx_word' id='word_1_217' title='bbox 1298 1934 1453 1977; x_wconf 89' lang='lat' dir='ltr'><strong>Roma·</strong></span> <span class='ocrx_word' id='word_1_218' title='bbox 1479 1947 1525 1978; x_wconf 88' lang='lat'><strong>30</strong></span> 
     </span>
    </p>
   </div>
   <div class='ocr_carea' id='block_1_3' title="bbox 107 2022 1459 2399">
    <p class='ocr_par' dir='ltr' id='par_1_9' title="bbox 107 2022 1459 2399">
     <span class='ocr_line' id='line_1_32' title="bbox 205 2022 1455 2070; baseline 0.005 -13"><span class='ocrx_word' id='word_1_219' title='bbox 205 2027 223 2057; x_wconf 93' lang='lat'>1</span> <span class='ocrx_word' id='word_1_220' title='bbox 251 2022 373 2058; x_wconf 87' lang='lat' dir='ltr'><strong>defixa</strong></span> <span class='ocrx_word' id='word_1_221' title='bbox 396 2024 454 2066; x_wconf 89' lang='lat' dir='ltr'><strong>H,</strong></span> <span class='ocrx_word' id='word_1_222' title='bbox 478 2025 539 2060; x_wconf 82' lang='lat' dir='ltr'><strong>sed</strong></span> <span class='ocrx_word' id='word_1_223' title='bbox 564 2034 587 2059; x_wconf 93' lang='lat' dir='ltr'><strong>a</strong></span> <span class='ocrx_word' id='word_1_224' title='bbox 610 2026 653 2060; x_wconf 79' lang='lat' dir='ltr'><strong>in</strong></span> <span class='ocrx_word' id='word_1_225' title='bbox 675 2035 750 2060; x_wconf 76' lang='lat' dir='ltr'><strong>ras.</strong></span> <span class='ocrx_word' id='word_1_226' title='bbox 777 2024 931 2069; x_wconf 86' lang='lat' dir='ltr'><strong>(defixos</strong></span> <span class='ocrx_word' id='word_1_227' title='bbox 956 2024 993 2069; x_wconf 80' lang='lat'><strong>?)</strong></span> <span class='ocrx_word' id='word_1_228' title='bbox 1022 2027 1029 2070; x_wconf 87' lang='grc' dir='ltr'>Ι</span> <span class='ocrx_word' id='word_1_229' title='bbox 1055 2025 1274 2062; x_wconf 81' lang='lat' dir='ltr'><strong>anhelantes</strong></span> <span class='ocrx_word' id='word_1_230' title='bbox 1293 2027 1319 2063; x_wconf 80' lang='lat' dir='ltr'><strong>d</strong></span> <span class='ocrx_word' id='word_1_231' title='bbox 1343 2027 1455 2062; x_wconf 88' lang='lat' dir='ltr'><strong>anhe-</strong></span> 
     </span>
     <span class='ocr_line' id='line_1_33' title="bbox 108 2069 1455 2119; baseline 0.004 -15"><span class='ocrx_word' id='word_1_232' title='bbox 108 2069 248 2104; x_wconf 84' lang='lat' dir='ltr'><strong>lantem</strong></span> <span class='ocrx_word' id='word_1_233' title='bbox 260 2069 307 2105; x_wconf 88' lang='lat' dir='ltr'><strong><em>H</em></strong></span> <span class='ocrx_word' id='word_1_234' title='bbox 311 2070 349 2104; x_wconf 88' lang='lat' dir='ltr'><strong><em>P</em></strong></span> <span class='ocrx_word' id='word_1_235' title='bbox 367 2073 373 2114; x_wconf 80' lang='lat'>1</span> <span class='ocrx_word' id='word_1_236' title='bbox 394 2074 416 2106; x_wconf 85' lang='lat'><strong>3</strong></span> <span class='ocrx_word' id='word_1_237' title='bbox 436 2070 598 2117; x_wconf 76' lang='lat' dir='ltr'><strong>Fasslbus</strong></span> <span class='ocrx_word' id='word_1_238' title='bbox 616 2073 658 2115; x_wconf 91' lang='lat' dir='ltr'><strong>(u</strong></span> <span class='ocrx_word' id='word_1_239' title='bbox 676 2082 782 2107; x_wconf 81' lang='lat' dir='ltr'><strong>erasa</strong></span> <span class='ocrx_word' id='word_1_240' title='bbox 800 2071 838 2115; x_wconf 80' lang='lat'><strong>?)</strong></span> <span class='ocrx_word' id='word_1_241' title='bbox 860 2072 1004 2108; x_wconf 84' lang='lat' dir='ltr'><strong>maxius</strong></span> <span class='ocrx_word' id='word_1_242' title='bbox 1017 2073 1064 2108; x_wconf 88' lang='lat' dir='ltr'><em>H</em></span> <span class='ocrx_word' id='word_1_243' title='bbox 1078 2077 1162 2108; x_wconf 75' lang='lat' dir='ltr'><strong>ante</strong></span> <span class='ocrx_word' id='word_1_244' title='bbox 1179 2084 1271 2110; x_wconf 81' lang='lat' dir='ltr'><strong>corr.</strong></span> <span class='ocrx_word' id='word_1_245' title='bbox 1294 2076 1300 2119; x_wconf 89' lang='grc' dir='ltr'>Ι</span> <span class='ocrx_word' id='word_1_246' title='bbox 1322 2077 1344 2108; x_wconf 81' lang='grc'><strong>6</strong></span> <span class='ocrx_word' id='word_1_247' title='bbox 1370 2085 1455 2110; x_wconf 87' lang='lat' dir='ltr'><strong>con·</strong></span> 
     </span>
     <span class='ocr_line' id='line_1_34' title="bbox 108 2116 1456 2165; baseline 0.004 -15"><span class='ocrx_word' id='word_1_248' title='bbox 108 2116 261 2161; x_wconf 82' lang='lat' dir='ltr'><strong>temptis</strong></span> <span class='ocrx_word' id='word_1_249' title='bbox 275 2117 312 2151; x_wconf 90' lang='lat' dir='ltr'><em>P</em></span> <span class='ocrx_word' id='word_1_250' title='bbox 331 2119 336 2162; x_wconf 92' lang='grc' dir='ltr'>Ι</span> <span class='ocrx_word' id='word_1_251' title='bbox 359 2121 379 2153; x_wconf 83' lang='grc'><strong>7</strong></span> <span class='ocrx_word' id='word_1_252' title='bbox 399 2119 442 2153; x_wconf 92' lang='lat' dir='ltr'><strong>ut</strong></span> <span class='ocrx_word' id='word_1_253' title='bbox 458 2118 606 2154; x_wconf 70' lang='lat' dir='ltr'><strong>hostem</strong></span> <span class='ocrx_word' id='word_1_254' title='bbox 628 2118 666 2153; x_wconf 90' lang='lat' dir='ltr'><strong><em>P</em></strong></span> <span class='ocrx_word' id='word_1_255' title='bbox 685 2119 691 2163; x_wconf 90' lang='grc' dir='ltr'>Ι</span> <span class='ocrx_word' id='word_1_256' title='bbox 718 2122 740 2155; x_wconf 93' lang='grc'>8</span> <span class='ocrx_word' id='word_1_257' title='bbox 766 2118 854 2162; x_wconf 86' lang='lat' dir='ltr'><strong>suis,</strong></span> <span class='ocrx_word' id='word_1_258' title='bbox 879 2119 919 2154; x_wconf 91' lang='lat' dir='ltr'><strong>in</strong></span> <span class='ocrx_word' id='word_1_259' title='bbox 937 2131 972 2164; x_wconf 89' lang='lat' dir='ltr'><strong>p.</strong></span> <span class='ocrx_word' id='word_1_260' title='bbox 993 2119 1072 2155; x_wconf 86' lang='lat' dir='ltr'><strong>acie</strong></span> <span class='ocrx_word' id='word_1_261' title='bbox 1097 2120 1197 2155; x_wconf 89' lang='lat' dir='ltr'><strong>uniu.</strong></span> <span class='ocrx_word' id='word_1_262' title='bbox 1221 2121 1456 2165; x_wconf 74' lang='lat' dir='ltr'><strong>distinyuunt</strong></span> 
     </span>
     <span class='ocr_line' id='line_1_35' title="bbox 110 2162 1451 2214; baseline 0.002 -16"><span class='ocrx_word' id='word_1_263' title='bbox 110 2162 207 2214; x_wconf 39' lang='lat' dir='ltr'><strong>edd-„-</strong></span> <span class='ocrx_word' id='word_1_264' title='bbox 232 2164 375 2199; x_wconf 77' lang='lat' dir='ltr'><strong>correxi</strong></span> <span class='ocrx_word' id='word_1_265' title='bbox 398 2165 477 2201; x_wconf 82' lang='lat' dir='ltr'><strong>coll.</strong></span> <span class='ocrx_word' id='word_1_266' title='bbox 501 2165 589 2201; x_wconf 77' lang='lat' dir='ltr'><strong>Liu.</strong></span> <span class='ocrx_word' id='word_1_267' title='bbox 616 2168 675 2209; x_wconf 86' lang='lat'><strong>10,</strong></span> <span class='ocrx_word' id='word_1_268' title='bbox 693 2168 759 2209; x_wconf 81' lang='lat'><strong>29,</strong></span> <span class='ocrx_word' id='word_1_269' title='bbox 779 2169 803 2201; x_wconf 88' lang='lat'><em>5</em></span> <span class='ocrx_word' id='word_1_270' title='bbox 822 2166 829 2211; x_wconf 79' lang='grc' dir='ltr'>Ι</span> <span class='ocrx_word' id='word_1_271' title='bbox 852 2169 895 2200; x_wconf 88' lang='grc'><strong>11</strong></span> <span class='ocrx_word' id='word_1_272' title='bbox 911 2165 1111 2213; x_wconf 79' lang='lat' dir='ltr'><strong>slduratum</strong></span> <span class='ocrx_word' id='word_1_273' title='bbox 1138 2169 1178 2211; x_wconf 84' lang='lat' dir='ltr'><strong>(a</strong></span> <span class='ocrx_word' id='word_1_274' title='bbox 1198 2178 1304 2204; x_wconf 84' lang='lat' dir='ltr'><strong>erasa</strong></span> <span class='ocrx_word' id='word_1_275' title='bbox 1323 2167 1359 2211; x_wconf 73' lang='lat'><strong>.?)</strong></span> <span class='ocrx_word' id='word_1_276' title='bbox 1380 2167 1426 2201; x_wconf 87' lang='lat' dir='ltr'><strong><em>H</em></strong></span> <span class='ocrx_word' id='word_1_277' title='bbox 1447 2167 1451 2208; x_wconf 84' lang='grc'><strong>1</strong></span> 
     </span>
     <span class='ocr_line' id='line_1_36' title="bbox 111 2210 1459 2262; baseline 0.004 -18"><span class='ocrx_word' id='word_1_278' title='bbox 111 2212 155 2262; x_wconf 77' lang='lat'><strong>,¹²</strong></span> <span class='ocrx_word' id='word_1_279' title='bbox 173 2210 395 2247; x_wconf 82' lang='lat' dir='ltr'><strong>mexercitus</strong></span> <span class='ocrx_word' id='word_1_280' title='bbox 419 2213 500 2247; x_wconf 85' lang='lat' dir='ltr'><strong>tum</strong></span> <span class='ocrx_word' id='word_1_281' title='bbox 518 2212 577 2246; x_wconf 89' lang='lat' dir='ltr'><strong>H¹</strong></span> <span class='ocrx_word' id='word_1_282' title='bbox 610 2213 616 2257; x_wconf 76' lang='grc'><strong>1</strong></span> <span class='ocrx_word' id='word_1_283' title='bbox 649 2213 689 2247; x_wconf 90' lang='lat' dir='ltr'><strong>in</strong></span> <span class='ocrx_word' id='word_1_284' title='bbox 714 2212 857 2257; x_wconf 85' lang='lat' dir='ltr'><strong>impetu</strong></span> <span class='ocrx_word' id='word_1_285' title='bbox 881 2213 907 2249; x_wconf 81' lang='lat' dir='ltr'><strong>d</strong></span> <span class='ocrx_word' id='word_1_286' title='bbox 930 2213 969 2248; x_wconf 89' lang='lat' dir='ltr'><strong>in</strong></span> <span class='ocrx_word' id='word_1_287' title='bbox 986 2213 1150 2259; x_wconf 85' lang='lat' dir='ltr'><strong>impetus</strong></span> <span class='ocrx_word' id='word_1_288' title='bbox 1169 2214 1215 2248; x_wconf 88' lang='lat' dir='ltr'><strong><em>H</em></strong></span> <span class='ocrx_word' id='word_1_289' title='bbox 1234 2214 1397 2259; x_wconf 80' lang='lat' dir='ltr'><strong>impetus</strong></span> <span class='ocrx_word' id='word_1_290' title='bbox 1421 2214 1459 2249; x_wconf 88' lang='lat' dir='ltr'><em>P</em></span> 
     </span>
     <span class='ocr_line' id='line_1_37' title="bbox 107 2257 1453 2308; baseline 0.004 -18"><span class='ocrx_word' id='word_1_291' title='bbox 107 2257 253 2308; x_wconf 79' lang='lat' dir='ltr'><strong>impetu</strong></span> <span class='ocrx_word' id='word_1_292' title='bbox 276 2257 354 2293; x_wconf 81' lang='lat' dir='ltr'><strong>edd.</strong></span> <span class='ocrx_word' id='word_1_293' title='bbox 377 2259 383 2302; x_wconf 90' lang='grc' dir='ltr'>Ι</span> <span class='ocrx_word' id='word_1_294' title='bbox 408 2257 631 2294; x_wconf 78' lang='lat' dir='ltr'><strong>uiolentiam</strong></span> <span class='ocrx_word' id='word_1_295' title='bbox 650 2259 697 2295; x_wconf 89' lang='lat' dir='ltr'><strong><em>H</em></strong></span> <span class='ocrx_word' id='word_1_296' title='bbox 714 2261 719 2304; x_wconf 94' lang='grc' dir='ltr'>Ι</span> <span class='ocrx_word' id='word_1_297' title='bbox 749 2263 792 2294; x_wconf 87' lang='grc'><strong>16</strong></span> <span class='ocrx_word' id='word_1_298' title='bbox 817 2262 860 2295; x_wconf 91' lang='lat' dir='ltr'><strong>ut</strong></span> <span class='ocrx_word' id='word_1_299' title='bbox 882 2260 1066 2306; x_wconf 84' lang='lat' dir='ltr'><strong>proelium</strong></span> <span class='ocrx_word' id='word_1_300' title='bbox 1086 2261 1140 2304; x_wconf 87' lang='lat' dir='ltr'><strong>H,</strong></span> <span class='ocrx_word' id='word_1_301' title='bbox 1163 2261 1225 2296; x_wconf 81' lang='lat' dir='ltr'><strong>sed</strong></span> <span class='ocrx_word' id='word_1_302' title='bbox 1249 2262 1292 2295; x_wconf 91' lang='lat' dir='ltr'><strong>ut</strong></span> <span class='ocrx_word' id='word_1_303' title='bbox 1315 2261 1358 2296; x_wconf 77' lang='lat' dir='ltr'><strong>in</strong></span> <span class='ocrx_word' id='word_1_304' title='bbox 1381 2271 1453 2296; x_wconf 77' lang='lat' dir='ltr'><strong>ras.</strong></span> 
     </span>
     <span class='ocr_line' id='line_1_38' title="bbox 107 2301 1451 2353; baseline 0.004 -17"><span class='ocrx_word' id='word_1_305' title='bbox 107 2304 163 2344; x_wconf 83' lang='lat' dir='ltr'><strong>(in</strong></span> <span class='ocrx_word' id='word_1_306' title='bbox 182 2301 219 2346; x_wconf 69' lang='grc' dir='ltr'><strong>ἓ)</strong></span> <span class='ocrx_word' id='word_1_307' title='bbox 244 2302 362 2347; x_wconf 62' lang='lat'>&#39;1118</span> <span class='ocrx_word' id='word_1_308' title='bbox 388 2303 424 2341; x_wconf 86' lang='lat' dir='ltr'><strong>C.</strong></span> <span class='ocrx_word' id='word_1_309' title='bbox 450 2305 600 2350; x_wconf 74' lang='lat' dir='ltr'><strong>om.Hl</strong></span> <span class='ocrx_word' id='word_1_310' title='bbox 633 2309 678 2342; x_wconf 82' lang='lat'><strong>22</strong></span> <span class='ocrx_word' id='word_1_311' title='bbox 705 2306 850 2352; x_wconf 70' lang='lat' dir='ltr'><strong>quod}</strong></span> <span class='ocrx_word' id='word_1_312' title='bbox 877 2308 916 2342; x_wconf 89' lang='lat' dir='ltr'><strong>et</strong></span> <span class='ocrx_word' id='word_1_313' title='bbox 938 2306 997 2343; x_wconf 87' lang='lat' dir='ltr'><strong>ira</strong></span> <span class='ocrx_word' id='word_1_314' title='bbox 1022 2309 1059 2343; x_wconf 85' lang='lat' dir='ltr'><strong>et</strong></span> <span class='ocrx_word' id='word_1_315' title='bbox 1084 2309 1109 2344; x_wconf 79' lang='lat' dir='ltr'><strong>d</strong></span> <span class='ocrx_word' id='word_1_316' title='bbox 1129 2310 1135 2352; x_wconf 83' lang='lat'><em>1</em></span> <span class='ocrx_word' id='word_1_317' title='bbox 1156 2307 1451 2353; x_wconf 70' lang='lat' dir='ltr'><strong>incenderatP!</strong></span> 
     </span>
     <span class='ocr_line' id='line_1_39' title="bbox 110 2349 1125 2399; baseline 0.007 -16"><span class='ocrx_word' id='word_1_318' title='bbox 110 2351 155 2384; x_wconf 81' lang='lat'><strong>25</strong></span> <span class='ocrx_word' id='word_1_319' title='bbox 181 2349 335 2385; x_wconf 84' lang='lat' dir='ltr'><strong>adeunti</strong></span> <span class='ocrx_word' id='word_1_320' title='bbox 360 2351 398 2386; x_wconf 89' lang='lat' dir='ltr'><em>P</em></span> <span class='ocrx_word' id='word_1_321' title='bbox 426 2352 432 2396; x_wconf 90' lang='grc' dir='ltr'>Ι</span> <span class='ocrx_word' id='word_1_322' title='bbox 465 2355 511 2387; x_wconf 85' lang='grc'><strong>30</strong></span> <span class='ocrx_word' id='word_1_323' title='bbox 534 2351 753 2399; x_wconf 83' lang='lat' dir='ltr'><strong>Iugurtham</strong></span> <span class='ocrx_word' id='word_1_324' title='bbox 780 2355 905 2390; x_wconf 86' lang='lat' dir='ltr'><strong>autem</strong></span> <span class='ocrx_word' id='word_1_325' title='bbox 930 2355 1076 2390; x_wconf 85' lang='lat' dir='ltr'><strong>constat</strong></span> <span class='ocrx_word' id='word_1_326' title='bbox 1100 2355 1125 2390; x_wconf 83' lang='lat' dir='ltr'><strong>d</strong></span> 
     </span>
    </p>
   </div>
   <div class='ocr_carea' id='block_1_4' title="bbox 109 2001 392 2009">
    <p class='ocr_par' dir='ltr' id='par_1_10' title="bbox 109 2001 392 2009">
     <span class='ocr_line' id='line_1_40' title="bbox 109 2001 392 2009; baseline 0 479"><span class='ocrx_word' id='word_1_327' title='bbox 109 2001 392 2009; x_wconf 95' lang='lat' dir='ltr'><strong> </strong></span> 
     </span>
    </p>
   </div>
  </div>
 </body>
</html>
