1612 2488
186 84 242 126 10
457 83 557 120 IULI
581 84 819 121 FRONTINI
845 84 1275 122 STRATEGEMATON

182 193 333 248 iugum
365 193 419 235 ab
451 193 652 236 hostibus
683 196 840 236 natura
873 194 1088 236 munitum
1117 195 1273 248 teneri,
1312 196 1539 251 praemisit

184 251 497 307 sciscitaturos,
537 253 638 307 quid
676 254 739 295 rei
777 253 907 308 foret3
945 268 996 296 ac
1032 253 1317 296 referentibus
1355 255 1417 297 eis
1447 269 1537 298 non

184 326 277 353 esse
308 326 472 363 uerum,
505 312 619 366 quod
652 313 913 367 opinaretur,
943 313 1166 368 ingressus
1198 313 1294 369 iter,
1325 314 1399 356 ubi
1429 314 1538 356 uidit

184 385 236 412 ex
268 374 470 425 suspecto
502 371 603 426 iugo
637 385 841 428 magnam
872 371 961 413 uim
994 371 1141 414 auium
1178 372 1308 414 simul
1344 373 1538 415 euolasse

136 440 157 472 5
183 444 320 484 neque
347 430 524 472 omnino
550 430 750 485 residere,
775 430 1011 473 arbitratus
1033 433 1099 473 est
1116 431 1252 473 latere
1271 431 1363 474 illic
1383 445 1539 488 agmen

182 488 394 531 hostium:
414 489 560 544 itaque
580 489 872 532 circumducto
894 490 1084 532 exercitu
1103 490 1232 532 elusit
1251 490 1538 534 insidiatores.

274 548 311 590 9.
351 547 604 590 Hasdrubal
641 548 776 591 frater
811 548 1074 591 Hannibalis
1112 549 1308 592 iunctum
1345 549 1458 592 Liuii
1496 553 1540 593 et

183 605 370 649 Neronis
398 608 652 662 exercitum,
685 623 946 663 quamquam
977 608 1060 650 hoc
1091 608 1157 650 illi
1187 623 1277 651 non
1308 608 1538 664 duplicatis

184 667 338 708 castris
371 666 715 722 dissimularent,
753 667 986 722 intellexit,
1024 667 1138 722 quod
1170 668 1224 709 ab
1255 667 1410 710 itinere
1442 669 1539 710 stri-

114 735 156 768 10
183 725 377 781 gosiores
409 726 594 768 notabat
619 741 752 782 equos
779 729 822 768 et
846 727 1108 769 coloratiora
1137 726 1382 782 hominum,
1413 730 1462 769 ut
1488 742 1540 769 ex

183 799 274 839 ma,
306 799 499 840 corpora.

397 925 460 960 III.
496 923 560 959 DE
587 923 965 961 CONSTITUENDO
992 924 1148 961 STATU
1172 923 1324 960 BELLI.

275 1022 313 1062 1.
338 1020 587 1063 Alexander
600 1021 791 1077 Macedo,
805 1036 902 1064 cum
914 1022 1095 1063 haberet
1108 1021 1409 1063 uehementem
1423 1035 1539 1064 exer-

183 1079 328 1134 citum,
348 1094 518 1135 semper
534 1095 631 1122 eum
645 1083 805 1123 statum
822 1081 927 1122 belli
941 1081 1084 1136 elegit,
1103 1082 1153 1122 ut
1169 1079 1261 1122 acie
1274 1080 1539 1136 confligeret.

114 1150 158 1181 15
273 1139 313 1181 2.
347 1138 391 1181 G.
413 1137 575 1181 Caesar
605 1139 720 1182 bello
747 1140 866 1181 ciuili
898 1154 994 1182 cum
1019 1141 1274 1181 ueteranum
1305 1140 1540 1182 exercitum

182 1198 380 1252 haberet,
412 1198 604 1240 hostium
632 1201 776 1240 autem
801 1199 988 1241 tironem
1014 1212 1108 1240 esse
1135 1198 1284 1253 sciret,
1314 1198 1403 1240 acie
1430 1212 1539 1241 sem-

184 1270 261 1312 per
291 1256 509 1299 decertare
542 1257 719 1299 studuit.

273 1316 313 1358 3.
350 1315 512 1358 Fabius
545 1315 762 1358 Maximus
796 1316 1003 1358 aduersus
1033 1315 1346 1370 Hannibalem,
1377 1329 1542 1358 succes·

184 1375 304 1417 sibus
336 1375 599 1429 proeliorum
631 1375 910 1429 insolentem,
942 1375 1139 1418 recedere
1166 1375 1219 1417 ab
1245 1374 1426 1429 ancipiti
1457 1375 1540 1417 dis—

113 1445 157 1475 20
184 1433 363 1476 crimine
395 1436 438 1476 et
468 1434 582 1476 tueri
613 1435 917 1477 tantummodo
942 1434 1117 1476 Italiam
1149 1434 1377 1476 constituit
1402 1431 1541 1476 Cunc-

184 1493 426 1548 tatorisque
457 1508 617 1535 nomen
650 1496 693 1535 et
722 1508 800 1549 per
830 1493 912 1535 hoc
945 1493 1102 1535 summi
1133 1493 1254 1535 ducis
1286 1493 1456 1535 meruit.

273 1553 312 1595 4.
357 1551 560 1607 Byzantii
604 1552 810 1594 aduersus
848 1552 1098 1607 Philippum
1136 1565 1263 1594 omne
1298 1551 1541 1606 proeliandi

185 1611 415 1654 discrimen
447 1612 681 1666 euitantes,
713 1612 874 1654 omissa
900 1611 1030 1652 etiam
1061 1611 1214 1652 finium
1237 1611 1395 1664 tutela,
1425 1610 1541 1652 intra

184 1670 447 1713 munitiones
481 1671 629 1725 oppidi
661 1685 707 1712 se
738 1672 993 1726 receperunt
1024 1670 1297 1724 adsecutique
1337 1670 1456 1724 sunt,
1493 1671 1542 1711 ut

116 1740 159 1771 25
186 1729 413 1785 Philippus
447 1730 730 1772 obsidionalis
763 1744 910 1772 morae
941 1730 1161 1784 inpatiens
1192 1728 1422 1771 recederet.

274 1789 313 1830 5.
352 1789 602 1831 Hasdrubal
635 1788 841 1845 Gisgonis
873 1789 986 1830 filius
1018 1787 1204 1830 secundo
1228 1787 1391 1829 Punico
1423 1786 1538 1828 bello

184 1847 230 1888 in
257 1847 471 1902 Hispania
502 1848 666 1890 uictum
699 1849 951 1903 exercitum,
983 1862 1079 1889 cum
1105 1846 1152 1888 Ρ.
1173 1845 1317 1901 Scipio
1343 1845 1540 1900 instaret,

184 1921 262 1960 per
292 1907 418 1948 urbes
451 1907 616 1949 diuisit:
647 1907 710 1948 ita
739 1907 902 1949 factum
935 1909 1018 1960 est,
1049 1908 1098 1947 ut
1124 1903 1288 1959 Scipio,
1319 1918 1373 1945 ne
1405 1918 1538 1959 oppu-

186 1965 391 2021 gnatione
416 1965 607 2019 plurium
634 1966 889 2021 oppidorum
914 1965 1258 2020 distringeretur,
1286 1963 1332 2004 in
1356 1962 1540 2004 hiberna

115 2035 160 2066 30
187 2038 287 2066 suos
319 2024 553 2066 reduceret.

281 2142 302 2174 5
329 2141 387 2174 est
411 2150 477 2175 om.
504 2140 550 2174 H
573 2142 587 2182 Ι·
612 2144 632 2174 6
659 2139 787 2185 itaque
814 2140 866 2185 H,
890 2140 952 2175 sed
977 2139 1032 2174 ita
1057 2139 1099 2173 in
1122 2148 1194 2173 ras.
1221 2138 1246 2173 h
1267 2138 1273 2181 Ι
1301 2135 1437 2172 clausit
1461 2136 1507 2172 H
1530 2137 1535 2183 Ι

188 2190 207 2222 7
233 2186 402 2221 iunctum
428 2187 533 2222 Stew.
570 2189 660 2222 tunc
687 2187 731 2221 H
737 2188 774 2221 P

284 2238 327 2269 16
353 2234 511 2269 tironem
540 2255 582 2259 —
610 2233 755 2269 studuit
779 2245 846 2270 om.
873 2233 931 2268 H²
959 2234 964 2277 Ι
999 2235 1042 2267 18
1068 2231 1211 2268 maxius
1237 2231 1296 2266 ΗἸ
1327 2233 1334 2275 Ι
1367 2234 1412 2266 22
1440 2230 1540 2266 omni

185 2294 220 2326 p.
242 2280 455 2317 discrimine
474 2281 640 2316 uitantes
659 2281 753 2324 ΗΡ,
779 2292 841 2316 em.
862 2281 940 2316 edd.
964 2280 970 2326 Ι
992 2283 1038 2314 24
1064 2291 1101 2316 se
1122 2279 1166 2314 H
1185 2289 1362 2323 superscr.
1386 2281 1393 2320 l
1413 2281 1458 2314 25
1478 2288 1539 2313 ro-

186 2339 270 2364 mae
290 2329 335 2363 H
353 2330 358 2375 Ι
380 2333 423 2364 27
451 2329 509 2375 Ρ.]
535 2327 600 2376 pff]
624 2330 711 2372 (tres
735 2329 810 2372 fere
836 2329 904 2364 litt.
931 2338 1055 2363 erasae
1078 2330 1181 2368 sunt)
1199 2325 1245 2360 H
1249 2326 1259 2345 ¹
1288 2327 1314 2371 ᾗ
1339 2326 1363 2361 h
1392 2336 1483 2371 prae
1504 2324 1542 2359 P
