<?xml version="1.0" encoding="UTF-8"?>
<!DOCTYPE html PUBLIC "-//W3C//DTD XHTML 1.0 Transitional//EN"
    "http://www.w3.org/TR/xhtml1/DTD/xhtml1-transitional.dtd">
<html xmlns="http://www.w3.org/1999/xhtml" xml:lang="en" lang="en">
 <head>
  <title>
</title>
<meta http-equiv="Content-Type" content="text/html;charset=utf-8" />
  <meta name='ocr-system' content='tesseract 3.04.00' />
  <meta name='ocr-capabilities' content='ocr_page ocr_carea ocr_par ocr_line ocrx_word'/>
</head>
<body>
  <div class='ocr_page' id='page_1' title='image "./strategematonlib00fronuoft_0070.png"; bbox 0 0 1612 2488; ppageno 0'>
   <div class='ocr_carea' id='block_1_1' title="bbox 105 883 148 914">
    <p class='ocr_par' dir='ltr' id='par_1_1' title="bbox 105 883 148 914">
     <span class='ocr_line' id='line_1_1' title="bbox 105 883 148 914; baseline 0.023 -1"><span class='ocrx_word' id='word_1_1' title='bbox 105 883 148 914; x_wconf 91' lang='lat'>10</span> 
     </span>
    </p>
   </div>
   <div class='ocr_carea' id='block_1_2' title="bbox 101 1178 143 1209">
    <p class='ocr_par' dir='ltr' id='par_1_2' title="bbox 101 1178 143 1209">
     <span class='ocr_line' id='line_1_2' title="bbox 101 1178 143 1209; baseline 0.024 -1"><span class='ocrx_word' id='word_1_2' title='bbox 101 1178 143 1209; x_wconf 78' lang='lat'>15</span> 
     </span>
    </p>
   </div>
   <div class='ocr_carea' id='block_1_3' title="bbox 92 1767 135 1798">
    <p class='ocr_par' dir='ltr' id='par_1_3' title="bbox 92 1767 135 1798">
     <span class='ocr_line' id='line_1_3' title="bbox 92 1767 135 1798; baseline 0 0"><span class='ocrx_word' id='word_1_3' title='bbox 92 1767 135 1798; x_wconf 83' lang='lat'>25</span> 
     </span>
    </p>
   </div>
   <div class='ocr_carea' id='block_1_4' title="bbox 181 110 1276 153">
    <p class='ocr_par' dir='ltr' id='par_1_4' title="bbox 181 110 1276 153">
     <span class='ocr_line' id='line_1_4' title="bbox 181 110 1276 153; baseline 0.005 -9"><span class='ocrx_word' id='word_1_4' title='bbox 181 111 239 153; x_wconf 85' lang='grc'>46</span> <span class='ocrx_word' id='word_1_5' title='bbox 455 111 555 147; x_wconf 91' lang='lat' dir='ltr'>IULI</span> <span class='ocrx_word' id='word_1_6' title='bbox 579 110 817 147; x_wconf 86' lang='lat' dir='ltr'><strong>FRONTINI</strong></span> <span class='ocrx_word' id='word_1_7' title='bbox 844 111 1276 149; x_wconf 80' lang='lat' dir='ltr'><strong>STRATEGEMATON</strong></span> 
     </span>
    </p>
   </div>
   <div class='ocr_carea' id='block_1_5' title="bbox 179 220 1535 454">
    <p class='ocr_par' dir='ltr' id='par_1_5' title="bbox 179 220 1535 454">
     <span class='ocr_line' id='line_1_5' title="bbox 180 220 1534 278; baseline 0.002 -16"><span class='ocrx_word' id='word_1_8' title='bbox 180 220 506 275; x_wconf 76' lang='lat' dir='ltr'>inquietaretur,</span> <span class='ocrx_word' id='word_1_9' title='bbox 526 220 628 262; x_wconf 91' lang='lat' dir='ltr'>dum</span> <span class='ocrx_word' id='word_1_10' title='bbox 653 222 750 262; x_wconf 88' lang='lat' dir='ltr'>tota</span> <span class='ocrx_word' id='word_1_11' title='bbox 774 222 901 263; x_wconf 91' lang='lat' dir='ltr'>nocte</span> <span class='ocrx_word' id='word_1_12' title='bbox 926 220 972 262; x_wconf 90' lang='lat' dir='ltr'>in</span> <span class='ocrx_word' id='word_1_13' title='bbox 998 220 1185 264; x_wconf 88' lang='lat' dir='ltr'>statione</span> <span class='ocrx_word' id='word_1_14' title='bbox 1211 221 1430 264; x_wconf 75' lang='lat' dir='ltr'><strong>custodiae</strong></span> <span class='ocrx_word' id='word_1_15' title='bbox 1450 225 1534 278; x_wconf 82' lang='lat' dir='ltr'>est3</span> 
     </span>
     <span class='ocr_line' id='line_1_6' title="bbox 180 279 1535 338; baseline 0.002 -17"><span class='ocrx_word' id='word_1_16' title='bbox 180 279 344 334; x_wconf 87' lang='lat' dir='ltr'>deinde,</span> <span class='ocrx_word' id='word_1_17' title='bbox 363 282 411 321; x_wconf 90' lang='lat' dir='ltr'>ut</span> <span class='ocrx_word' id='word_1_18' title='bbox 437 280 503 321; x_wconf 91' lang='lat' dir='ltr'>sui</span> <span class='ocrx_word' id='word_1_19' title='bbox 529 294 654 321; x_wconf 88' lang='lat' dir='ltr'>mane</span> <span class='ocrx_word' id='word_1_20' title='bbox 679 280 861 336; x_wconf 76' lang='lat' dir='ltr'>integris</span> <span class='ocrx_word' id='word_1_21' title='bbox 888 279 1054 322; x_wconf 88' lang='lat' dir='ltr'>uiribus</span> <span class='ocrx_word' id='word_1_22' title='bbox 1080 294 1178 322; x_wconf 90' lang='lat' dir='ltr'>cum</span> <span class='ocrx_word' id='word_1_23' title='bbox 1201 279 1401 324; x_wconf 82' lang='lat' dir='ltr'>barbaris</span> <span class='ocrx_word' id='word_1_24' title='bbox 1426 281 1535 338; x_wconf 85' lang='lat' dir='ltr'>uigi-</span> 
     </span>
     <span class='ocr_line' id='line_1_7' title="bbox 179 338 1534 396; baseline 0.002 -16"><span class='ocrx_word' id='word_1_25' title='bbox 179 338 239 381; x_wconf 88' lang='lat' dir='ltr'>lia</span> <span class='ocrx_word' id='word_1_26' title='bbox 265 338 560 380; x_wconf 73' lang='lat' dir='ltr'>marcentibus</span> <span class='ocrx_word' id='word_1_27' title='bbox 596 338 896 395; x_wconf 88' lang='lat' dir='ltr'>confligerent,</span> <span class='ocrx_word' id='word_1_28' title='bbox 928 339 1024 381; x_wconf 92' lang='lat' dir='ltr'>loco</span> <span class='ocrx_word' id='word_1_29' title='bbox 1050 341 1100 381; x_wconf 93' lang='lat' dir='ltr'>ut</span> <span class='ocrx_word' id='word_1_30' title='bbox 1123 339 1324 382; x_wconf 86' lang='lat' dir='ltr'>uoluerat</span> <span class='ocrx_word' id='word_1_31' title='bbox 1349 343 1463 396; x_wconf 79' lang='lat' dir='ltr'>arto,</span> <span class='ocrx_word' id='word_1_32' title='bbox 1487 341 1534 383; x_wconf 92' lang='lat' dir='ltr'>in</span> 
     </span>
     <span class='ocr_line' id='line_1_8' title="bbox 181 396 1532 454; baseline 0.002 -15"><span class='ocrx_word' id='word_1_33' title='bbox 181 412 265 452; x_wconf 92' lang='lat' dir='ltr'>quo</span> <span class='ocrx_word' id='word_1_34' title='bbox 290 396 454 440; x_wconf 84' lang='lat' dir='ltr'><strong>Xerxes</strong></span> <span class='ocrx_word' id='word_1_35' title='bbox 480 397 757 440; x_wconf 89' lang='lat' dir='ltr'>multitudine</span> <span class='ocrx_word' id='word_1_36' title='bbox 783 413 868 454; x_wconf 91' lang='lat' dir='ltr'>qua</span> <span class='ocrx_word' id='word_1_37' title='bbox 895 398 1149 454; x_wconf 85' lang='lat' dir='ltr'>praestabat</span> <span class='ocrx_word' id='word_1_38' title='bbox 1173 399 1238 440; x_wconf 91' lang='lat' dir='ltr'>uti</span> <span class='ocrx_word' id='word_1_39' title='bbox 1261 413 1350 442; x_wconf 90' lang='lat' dir='ltr'>non</span> <span class='ocrx_word' id='word_1_40' title='bbox 1372 402 1532 454; x_wconf 90' lang='lat' dir='ltr'>posset.</span> 
     </span>
    </p>
   </div>
   <div class='ocr_carea' id='block_1_6' title="bbox 533 536 1167 573">
    <p class='ocr_par' dir='ltr' id='par_1_6' title="bbox 533 536 1167 573">
     <span class='ocr_line' id='line_1_9' title="bbox 533 536 1167 573; baseline 0.002 -2"><span class='ocrx_word' id='word_1_41' title='bbox 533 537 597 573; x_wconf 93' lang='lat' dir='ltr'><strong>III.</strong></span> <span class='ocrx_word' id='word_1_42' title='bbox 635 536 699 572; x_wconf 80' lang='lat' dir='ltr'>DE</span> <span class='ocrx_word' id='word_1_43' title='bbox 725 537 837 573; x_wconf 87' lang='lat' dir='ltr'>ACIE</span> <span class='ocrx_word' id='word_1_44' title='bbox 863 536 1167 573; x_wconf 81' lang='lat' dir='ltr'><strong>ORDINANDA.</strong></span> 
     </span>
    </p>
   </div>
   <div class='ocr_carea' id='block_1_7' title="bbox 168 633 1531 1456">
    <p class='ocr_par' dir='ltr' id='par_1_7' title="bbox 170 633 1531 1222">
     <span class='ocr_line' id='line_1_10' title="bbox 268 633 1531 690; baseline 0.002 -14"><span class='ocrx_word' id='word_1_45' title='bbox 268 636 305 678; x_wconf 89' lang='lat'>1.</span> <span class='ocrx_word' id='word_1_46' title='bbox 345 633 419 677; x_wconf 83' lang='lat' dir='ltr'>Cn.</span> <span class='ocrx_word' id='word_1_47' title='bbox 448 633 592 690; x_wconf 84' lang='lat' dir='ltr'>Scipio</span> <span class='ocrx_word' id='word_1_48' title='bbox 624 634 668 676; x_wconf 94' lang='lat' dir='ltr'>in</span> <span class='ocrx_word' id='word_1_49' title='bbox 700 633 914 690; x_wconf 83' lang='lat' dir='ltr'>Hispania</span> <span class='ocrx_word' id='word_1_50' title='bbox 947 633 1154 676; x_wconf 89' lang='lat' dir='ltr'>aduersus</span> <span class='ocrx_word' id='word_1_51' title='bbox 1183 634 1445 678; x_wconf 88' lang='lat' dir='ltr'>Hannonem</span> <span class='ocrx_word' id='word_1_52' title='bbox 1476 636 1531 678; x_wconf 85' lang='lat' dir='ltr'>ad</span> 
     </span>
     <span class='ocr_line' id='line_1_11' title="bbox 176 692 1528 748; baseline 0.001 -13"><span class='ocrx_word' id='word_1_53' title='bbox 176 693 382 748; x_wconf 86' lang='lat' dir='ltr'>oppidum</span> <span class='ocrx_word' id='word_1_54' title='bbox 406 692 606 748; x_wconf 88' lang='lat' dir='ltr'>Indibile,</span> <span class='ocrx_word' id='word_1_55' title='bbox 632 708 730 736; x_wconf 89' lang='lat' dir='ltr'>cum</span> <span class='ocrx_word' id='word_1_56' title='bbox 756 693 1133 736; x_wconf 87' lang='lat' dir='ltr'>animaduertisset</span> <span class='ocrx_word' id='word_1_57' title='bbox 1155 693 1363 736; x_wconf 86' lang='lat' dir='ltr'>Punicam</span> <span class='ocrx_word' id='word_1_58' title='bbox 1391 695 1528 737; x_wconf 87' lang='lat' dir='ltr'>aciem</span> 
     </span>
     <span class='ocr_line' id='line_1_12' title="bbox 175 751 1529 808; baseline 0.001 -14"><span class='ocrx_word' id='word_1_59' title='bbox 175 752 238 794; x_wconf 85' lang='lat' dir='ltr'>ita</span> <span class='ocrx_word' id='word_1_60' title='bbox 270 752 495 806; x_wconf 86' lang='lat' dir='ltr'>directam,</span> <span class='ocrx_word' id='word_1_61' title='bbox 527 755 576 795; x_wconf 90' lang='lat' dir='ltr'>ut</span> <span class='ocrx_word' id='word_1_62' title='bbox 599 753 645 794; x_wconf 90' lang='lat' dir='ltr'>in</span> <span class='ocrx_word' id='word_1_63' title='bbox 670 752 820 795; x_wconf 88' lang='lat' dir='ltr'>dextro</span> <span class='ocrx_word' id='word_1_64' title='bbox 847 767 979 795; x_wconf 89' lang='lat' dir='ltr'>cornu</span> <span class='ocrx_word' id='word_1_65' title='bbox 1001 751 1188 808; x_wconf 84' lang='lat' dir='ltr'>Hispani</span> <span class='ocrx_word' id='word_1_66' title='bbox 1219 753 1529 796; x_wconf 88' lang='lat' dir='ltr'>constitueren-</span> 
     </span>
     <span class='ocr_line' id='line_1_13' title="bbox 173 811 1529 868; baseline 0.001 -15"><span class='ocrx_word' id='word_1_67' title='bbox 173 812 262 866; x_wconf 89' lang='lat' dir='ltr'>tur,</span> <span class='ocrx_word' id='word_1_68' title='bbox 293 811 498 854; x_wconf 90' lang='lat' dir='ltr'>robustus</span> <span class='ocrx_word' id='word_1_69' title='bbox 525 812 698 866; x_wconf 91' lang='lat' dir='ltr'>quidem</span> <span class='ocrx_word' id='word_1_70' title='bbox 722 812 867 866; x_wconf 92' lang='lat' dir='ltr'>miles,</span> <span class='ocrx_word' id='word_1_71' title='bbox 892 811 967 853; x_wconf 90' lang='lat' dir='ltr'>sed</span> <span class='ocrx_word' id='word_1_72' title='bbox 993 811 1067 867; x_wconf 91' lang='lat' dir='ltr'>qui</span> <span class='ocrx_word' id='word_1_73' title='bbox 1091 811 1281 854; x_wconf 87' lang='lat' dir='ltr'>alienum</span> <span class='ocrx_word' id='word_1_74' title='bbox 1306 813 1529 868; x_wconf 76' lang='lat' dir='ltr'>negotium</span> 
     </span>
     <span class='ocr_line' id='line_1_14' title="bbox 175 870 1529 926; baseline 0.002 -15"><span class='ocrx_word' id='word_1_75' title='bbox 175 873 340 926; x_wconf 86' lang='lat' dir='ltr'>ageret,</span> <span class='ocrx_word' id='word_1_76' title='bbox 379 871 425 912; x_wconf 89' lang='lat' dir='ltr'>in</span> <span class='ocrx_word' id='word_1_77' title='bbox 465 871 641 914; x_wconf 89' lang='lat' dir='ltr'>sinistro</span> <span class='ocrx_word' id='word_1_78' title='bbox 681 874 826 913; x_wconf 90' lang='lat' dir='ltr'>autem</span> <span class='ocrx_word' id='word_1_79' title='bbox 864 870 979 925; x_wconf 87' lang='lat' dir='ltr'>Afri,</span> <span class='ocrx_word' id='word_1_80' title='bbox 1017 870 1161 913; x_wconf 91' lang='lat' dir='ltr'>minus</span> <span class='ocrx_word' id='word_1_81' title='bbox 1197 871 1364 914; x_wconf 89' lang='lat' dir='ltr'>uiribus</span> <span class='ocrx_word' id='word_1_82' title='bbox 1400 871 1529 926; x_wconf 88' lang='lat' dir='ltr'>firmi,</span> 
     </span>
     <span class='ocr_line' id='line_1_15' title="bbox 174 929 1527 984; baseline 0.001 -13"><span class='ocrx_word' id='word_1_83' title='bbox 174 929 248 971; x_wconf 86' lang='lat' dir='ltr'>sed</span> <span class='ocrx_word' id='word_1_84' title='bbox 288 929 425 971; x_wconf 87' lang='lat' dir='ltr'>animi</span> <span class='ocrx_word' id='word_1_85' title='bbox 463 931 797 984; x_wconf 79' lang='lat' dir='ltr'>constantiores,</span> <span class='ocrx_word' id='word_1_86' title='bbox 834 930 1008 972; x_wconf 89' lang='lat' dir='ltr'>reducto</span> <span class='ocrx_word' id='word_1_87' title='bbox 1048 929 1224 972; x_wconf 89' lang='lat' dir='ltr'>sinistro</span> <span class='ocrx_word' id='word_1_88' title='bbox 1262 930 1398 973; x_wconf 89' lang='lat' dir='ltr'>latere</span> <span class='ocrx_word' id='word_1_89' title='bbox 1430 945 1527 974; x_wconf 91' lang='lat' dir='ltr'>suo-</span> 
     </span>
     <span class='ocr_line' id='line_1_16' title="bbox 172 989 1527 1044; baseline 0.001 -14"><span class='ocrx_word' id='word_1_90' title='bbox 172 1003 285 1043; x_wconf 89' lang='lat' dir='ltr'>rum,</span> <span class='ocrx_word' id='word_1_91' title='bbox 317 989 467 1031; x_wconf 85' lang='lat' dir='ltr'>dextro</span> <span class='ocrx_word' id='word_1_92' title='bbox 495 1003 644 1044; x_wconf 88' lang='lat' dir='ltr'>cornu,</span> <span class='ocrx_word' id='word_1_93' title='bbox 677 989 789 1044; x_wconf 91' lang='lat' dir='ltr'>quod</span> <span class='ocrx_word' id='word_1_94' title='bbox 815 989 1092 1031; x_wconf 89' lang='lat' dir='ltr'>ualidissimis</span> <span class='ocrx_word' id='word_1_95' title='bbox 1123 989 1334 1032; x_wconf 87' lang='lat' dir='ltr'>militibus</span> <span class='ocrx_word' id='word_1_96' title='bbox 1363 992 1527 1032; x_wconf 87' lang='lat' dir='ltr'>exstru-</span> 
     </span>
     <span class='ocr_line' id='line_1_17' title="bbox 170 1047 1528 1103; baseline 0.001 -14"><span class='ocrx_word' id='word_1_97' title='bbox 170 1050 314 1101; x_wconf 85' lang='lat' dir='ltr'>xerat,</span> <span class='ocrx_word' id='word_1_98' title='bbox 352 1048 529 1103; x_wconf 89' lang='lat' dir='ltr'>obliqua</span> <span class='ocrx_word' id='word_1_99' title='bbox 567 1049 656 1090; x_wconf 88' lang='lat' dir='ltr'>acie</span> <span class='ocrx_word' id='word_1_100' title='bbox 694 1063 790 1090; x_wconf 90' lang='lat' dir='ltr'>cum</span> <span class='ocrx_word' id='word_1_101' title='bbox 828 1048 953 1090; x_wconf 91' lang='lat' dir='ltr'>hoste</span> <span class='ocrx_word' id='word_1_102' title='bbox 985 1047 1195 1090; x_wconf 82' lang='lat' dir='ltr'>conflixit:</span> <span class='ocrx_word' id='word_1_103' title='bbox 1234 1048 1385 1091; x_wconf 90' lang='lat' dir='ltr'>deinde</span> <span class='ocrx_word' id='word_1_104' title='bbox 1416 1048 1528 1091; x_wconf 89' lang='lat' dir='ltr'>fusis</span> 
     </span>
     <span class='ocr_line' id='line_1_18' title="bbox 170 1106 1525 1162; baseline 0.001 -14"><span class='ocrx_word' id='word_1_105' title='bbox 170 1106 418 1162; x_wconf 84' lang='lat' dir='ltr'>fugatisque</span> <span class='ocrx_word' id='word_1_106' title='bbox 444 1107 562 1148; x_wconf 84' lang='lat' dir='ltr'>Afris</span> <span class='ocrx_word' id='word_1_107' title='bbox 588 1106 826 1162; x_wconf 89' lang='lat' dir='ltr'>Hispanos,</span> <span class='ocrx_word' id='word_1_108' title='bbox 858 1107 931 1162; x_wconf 92' lang='lat' dir='ltr'>qui</span> <span class='ocrx_word' id='word_1_109' title='bbox 962 1106 1009 1149; x_wconf 91' lang='lat' dir='ltr'>in</span> <span class='ocrx_word' id='word_1_110' title='bbox 1039 1121 1210 1149; x_wconf 89' lang='lat' dir='ltr'>recessu</span> <span class='ocrx_word' id='word_1_111' title='bbox 1235 1107 1525 1162; x_wconf 84' lang='lat' dir='ltr'>spectantium</span> 
     </span>
     <span class='ocr_line' id='line_1_19' title="bbox 171 1166 1328 1222; baseline 0 -15"><span class='ocrx_word' id='word_1_112' title='bbox 171 1180 289 1208; x_wconf 92' lang='lat' dir='ltr'>more</span> <span class='ocrx_word' id='word_1_113' title='bbox 323 1166 708 1220; x_wconf 85' lang='lat' dir='ltr'>steterant,.facile</span> <span class='ocrx_word' id='word_1_114' title='bbox 739 1166 781 1208; x_wconf 90' lang='lat' dir='ltr'>in</span> <span class='ocrx_word' id='word_1_115' title='bbox 815 1166 1075 1208; x_wconf 91' lang='lat' dir='ltr'>deditionem</span> <span class='ocrx_word' id='word_1_116' title='bbox 1107 1166 1328 1222; x_wconf 89' lang='lat' dir='ltr'>compulit.</span> 
     </span>
    </p>

    <p class='ocr_par' dir='ltr' id='par_1_8' title="bbox 168 1223 1525 1456">
     <span class='ocr_line' id='line_1_20' title="bbox 259 1223 1525 1281; baseline -0.001 -14"><span class='ocrx_word' id='word_1_117' title='bbox 259 1225 299 1268; x_wconf 81' lang='lat'>2.</span> <span class='ocrx_word' id='word_1_118' title='bbox 330 1225 558 1280; x_wconf 89' lang='lat' dir='ltr'>Philippus</span> <span class='ocrx_word' id='word_1_119' title='bbox 590 1225 874 1267; x_wconf 88' lang='lat' dir='ltr'>Macedonum</span> <span class='ocrx_word' id='word_1_120' title='bbox 904 1239 979 1266; x_wconf 87' lang='lat' dir='ltr'>rex</span> <span class='ocrx_word' id='word_1_121' title='bbox 1011 1224 1215 1267; x_wconf 87' lang='lat' dir='ltr'>aduersus</span> <span class='ocrx_word' id='word_1_122' title='bbox 1246 1223 1418 1280; x_wconf 84' lang='lat' dir='ltr'>Hyllios</span> <span class='ocrx_word' id='word_1_123' title='bbox 1451 1238 1525 1281; x_wconf 84' lang='lat' dir='ltr'>ge·</span> 
     </span>
     <span class='ocr_line' id='line_1_21' title="bbox 168 1283 1523 1339; baseline 0.001 -14"><span class='ocrx_word' id='word_1_124' title='bbox 168 1298 267 1325; x_wconf 89' lang='lat' dir='ltr'>rens</span> <span class='ocrx_word' id='word_1_125' title='bbox 288 1284 463 1339; x_wconf 91' lang='lat' dir='ltr'>bellum,</span> <span class='ocrx_word' id='word_1_126' title='bbox 487 1288 536 1326; x_wconf 91' lang='lat' dir='ltr'>ut</span> <span class='ocrx_word' id='word_1_127' title='bbox 557 1284 863 1326; x_wconf 88' lang='lat' dir='ltr'>animaduertit</span> <span class='ocrx_word' id='word_1_128' title='bbox 886 1284 1078 1326; x_wconf 90' lang='lat' dir='ltr'>frontem</span> <span class='ocrx_word' id='word_1_129' title='bbox 1102 1283 1293 1326; x_wconf 90' lang='lat' dir='ltr'>hostium</span> <span class='ocrx_word' id='word_1_130' title='bbox 1313 1284 1523 1339; x_wconf 84' lang='lat' dir='ltr'>stipatam</span> 
     </span>
     <span class='ocr_line' id='line_1_22' title="bbox 170 1342 1524 1398; baseline -0.001 -13"><span class='ocrx_word' id='word_1_131' title='bbox 170 1343 318 1385; x_wconf 90' lang='lat' dir='ltr'>electis</span> <span class='ocrx_word' id='word_1_132' title='bbox 350 1343 401 1384; x_wconf 93' lang='lat' dir='ltr'>de</span> <span class='ocrx_word' id='word_1_133' title='bbox 433 1345 527 1385; x_wconf 91' lang='lat' dir='ltr'>toto</span> <span class='ocrx_word' id='word_1_134' title='bbox 561 1344 749 1385; x_wconf 86' lang='lat' dir='ltr'>exercitu</span> <span class='ocrx_word' id='word_1_135' title='bbox 773 1343 897 1398; x_wconf 89' lang='lat' dir='ltr'>uiris,</span> <span class='ocrx_word' id='word_1_136' title='bbox 928 1343 1067 1385; x_wconf 89' lang='lat' dir='ltr'>latera</span> <span class='ocrx_word' id='word_1_137' title='bbox 1093 1345 1238 1385; x_wconf 88' lang='lat' dir='ltr'>autem</span> <span class='ocrx_word' id='word_1_138' title='bbox 1269 1342 1524 1395; x_wconf 85' lang='lat' dir='ltr'>infirmiora,</span> 
     </span>
     <span class='ocr_line' id='line_1_23' title="bbox 168 1401 1521 1456; baseline 0.001 -13"><span class='ocrx_word' id='word_1_139' title='bbox 168 1401 420 1444; x_wconf 86' lang='lat' dir='ltr'>fortissimis</span> <span class='ocrx_word' id='word_1_140' title='bbox 448 1416 623 1444; x_wconf 90' lang='lat' dir='ltr'>suorum</span> <span class='ocrx_word' id='word_1_141' title='bbox 642 1403 686 1444; x_wconf 92' lang='lat' dir='ltr'>in</span> <span class='ocrx_word' id='word_1_142' title='bbox 707 1403 858 1444; x_wconf 87' lang='lat' dir='ltr'>dextro</span> <span class='ocrx_word' id='word_1_143' title='bbox 879 1416 1012 1444; x_wconf 84' lang='lat' dir='ltr'>cornu</span> <span class='ocrx_word' id='word_1_144' title='bbox 1031 1401 1277 1456; x_wconf 86' lang='lat' dir='ltr'>conlocatis,</span> <span class='ocrx_word' id='word_1_145' title='bbox 1298 1402 1521 1444; x_wconf 87' lang='lat' dir='ltr'>sinistrum</span> 
     </span>
    </p>
   </div>
   <div class='ocr_carea' id='block_1_8' title="bbox 97 1460 1521 1516">
    <p class='ocr_par' dir='ltr' id='par_1_9' title="bbox 97 1460 1521 1516">
     <span class='ocr_line' id='line_1_24' title="bbox 97 1460 1521 1516; baseline 0 -14"><span class='ocrx_word' id='word_1_146' title='bbox 97 1473 116 1503; x_wconf 82' lang='lat'><strong>2</strong></span> <span class='ocrx_word' id='word_1_147' title='bbox 167 1460 282 1503; x_wconf 91' lang='lat' dir='ltr'>latus</span> <span class='ocrx_word' id='word_1_148' title='bbox 298 1460 514 1516; x_wconf 62' lang='lat' dir='ltr'>⁸‚hostium</span> <span class='ocrx_word' id='word_1_149' title='bbox 551 1461 712 1504; x_wconf 86' lang='lat' dir='ltr'>inuasit</span> <span class='ocrx_word' id='word_1_150' title='bbox 747 1461 1008 1516; x_wconf 88' lang='lat' dir='ltr'>turbataque</span> <span class='ocrx_word' id='word_1_151' title='bbox 1042 1463 1138 1504; x_wconf 87' lang='lat' dir='ltr'>tota</span> <span class='ocrx_word' id='word_1_152' title='bbox 1170 1461 1262 1503; x_wconf 87' lang='lat' dir='ltr'>acie</span> <span class='ocrx_word' id='word_1_153' title='bbox 1294 1461 1521 1503; x_wconf 84' lang='lat' dir='ltr'>uictoriam</span> 
     </span>
    </p>
   </div>
   <div class='ocr_carea' id='block_1_9' title="bbox 161 1519 1522 2048">
    <p class='ocr_par' dir='ltr' id='par_1_10' title="bbox 165 1519 428 1575">
     <span class='ocr_line' id='line_1_25' title="bbox 165 1519 428 1575; baseline -0.004 -14"><span class='ocrx_word' id='word_1_154' title='bbox 165 1519 428 1575; x_wconf 86' lang='lat' dir='ltr'>profligauit.</span> 
     </span>
    </p>

    <p class='ocr_par' dir='ltr' id='par_1_11' title="bbox 161 1577 1522 2048">
     <span class='ocr_line' id='line_1_26' title="bbox 256 1577 1522 1634; baseline 0 -14"><span class='ocrx_word' id='word_1_155' title='bbox 256 1578 294 1621; x_wconf 87' lang='lat'>3.</span> <span class='ocrx_word' id='word_1_156' title='bbox 335 1578 591 1620; x_wconf 89' lang='lat' dir='ltr'>Pammenes</span> <span class='ocrx_word' id='word_1_157' title='bbox 618 1578 868 1632; x_wconf 86' lang='lat' dir='ltr'>Thebanus,</span> <span class='ocrx_word' id='word_1_158' title='bbox 900 1580 1132 1634; x_wconf 89' lang='lat' dir='ltr'>conspecta</span> <span class='ocrx_word' id='word_1_159' title='bbox 1158 1577 1386 1620; x_wconf 89' lang='lat' dir='ltr'>Persarum</span> <span class='ocrx_word' id='word_1_160' title='bbox 1417 1578 1522 1632; x_wconf 89' lang='lat' dir='ltr'>acie,</span> 
     </span>
     <span class='ocr_line' id='line_1_27' title="bbox 165 1637 1520 1692; baseline 0 -13"><span class='ocrx_word' id='word_1_161' title='bbox 165 1652 274 1692; x_wconf 89' lang='lat' dir='ltr'>quae</span> <span class='ocrx_word' id='word_1_162' title='bbox 305 1637 630 1680; x_wconf 88' lang='lat' dir='ltr'>robustissimas</span> <span class='ocrx_word' id='word_1_163' title='bbox 663 1638 810 1692; x_wconf 89' lang='lat' dir='ltr'>copias</span> <span class='ocrx_word' id='word_1_164' title='bbox 844 1638 892 1679; x_wconf 90' lang='lat' dir='ltr'>in</span> <span class='ocrx_word' id='word_1_165' title='bbox 922 1637 1072 1680; x_wconf 84' lang='lat' dir='ltr'>dextro</span> <span class='ocrx_word' id='word_1_166' title='bbox 1104 1651 1237 1679; x_wconf 88' lang='lat' dir='ltr'>cornu</span> <span class='ocrx_word' id='word_1_167' title='bbox 1268 1637 1520 1679; x_wconf 86' lang='lat' dir='ltr'>conlocatas</span> 
     </span>
     <span class='ocr_line' id='line_1_28' title="bbox 163 1695 1518 1752; baseline 0 -14"><span class='ocrx_word' id='word_1_168' title='bbox 163 1696 373 1751; x_wconf 86' lang='lat' dir='ltr'>habebat,</span> <span class='ocrx_word' id='word_1_169' title='bbox 406 1696 539 1738; x_wconf 89' lang='lat' dir='ltr'>simili</span> <span class='ocrx_word' id='word_1_170' title='bbox 564 1697 734 1739; x_wconf 90' lang='lat' dir='ltr'>ratione</span> <span class='ocrx_word' id='word_1_171' title='bbox 761 1699 804 1739; x_wconf 92' lang='lat' dir='ltr'>et</span> <span class='ocrx_word' id='word_1_172' title='bbox 829 1697 922 1752; x_wconf 91' lang='lat' dir='ltr'>ipse</span> <span class='ocrx_word' id='word_1_173' title='bbox 956 1711 1055 1739; x_wconf 92' lang='lat' dir='ltr'>suos</span> <span class='ocrx_word' id='word_1_174' title='bbox 1082 1695 1299 1738; x_wconf 87' lang='lat' dir='ltr'>ordinauit</span> <span class='ocrx_word' id='word_1_175' title='bbox 1329 1709 1518 1738; x_wconf 89' lang='lat' dir='ltr'>omnem-</span> 
     </span>
     <span class='ocr_line' id='line_1_29' title="bbox 164 1754 1520 1811; baseline -0.001 -13"><span class='ocrx_word' id='word_1_176' title='bbox 164 1770 244 1811; x_wconf 94' lang='lat' dir='ltr'>que</span> <span class='ocrx_word' id='word_1_177' title='bbox 290 1755 530 1811; x_wconf 87' lang='lat' dir='ltr'>equitatum</span> <span class='ocrx_word' id='word_1_178' title='bbox 574 1758 618 1798; x_wconf 93' lang='lat' dir='ltr'>et</span> <span class='ocrx_word' id='word_1_179' title='bbox 654 1755 942 1798; x_wconf 86' lang='lat' dir='ltr'>fortissimum</span> <span class='ocrx_word' id='word_1_180' title='bbox 986 1769 1197 1811; x_wconf 91' lang='lat' dir='ltr'>quemque</span> <span class='ocrx_word' id='word_1_181' title='bbox 1238 1754 1430 1810; x_wconf 90' lang='lat' dir='ltr'>peditum</span> <span class='ocrx_word' id='word_1_182' title='bbox 1471 1755 1520 1797; x_wconf 90' lang='lat' dir='ltr'>in</span> 
     </span>
     <span class='ocr_line' id='line_1_30' title="bbox 163 1813 1517 1870; baseline -0.001 -14"><span class='ocrx_word' id='word_1_183' title='bbox 163 1815 313 1857; x_wconf 87' lang='lat' dir='ltr'>dextro</span> <span class='ocrx_word' id='word_1_184' title='bbox 351 1829 502 1870; x_wconf 85' lang='lat' dir='ltr'>cornu,</span> <span class='ocrx_word' id='word_1_185' title='bbox 539 1815 860 1858; x_wconf 88' lang='lat' dir='ltr'>infirmissimos</span> <span class='ocrx_word' id='word_1_186' title='bbox 900 1817 1042 1857; x_wconf 89' lang='lat' dir='ltr'>autem</span> <span class='ocrx_word' id='word_1_187' title='bbox 1074 1816 1224 1857; x_wconf 90' lang='lat' dir='ltr'>contra</span> <span class='ocrx_word' id='word_1_188' title='bbox 1254 1813 1517 1856; x_wconf 88' lang='lat' dir='ltr'>fortissimos</span> 
     </span>
     <span class='ocr_line' id='line_1_31' title="bbox 161 1873 1516 1930; baseline -0.001 -15"><span class='ocrx_word' id='word_1_189' title='bbox 161 1873 353 1915; x_wconf 89' lang='lat' dir='ltr'>hostium</span> <span class='ocrx_word' id='word_1_190' title='bbox 384 1874 531 1928; x_wconf 91' lang='lat' dir='ltr'>posuit</span> <span class='ocrx_word' id='word_1_191' title='bbox 561 1874 883 1930; x_wconf 88' lang='lat' dir='ltr'>praecepitque,</span> <span class='ocrx_word' id='word_1_192' title='bbox 920 1876 970 1916; x_wconf 91' lang='lat' dir='ltr'>ut</span> <span class='ocrx_word' id='word_1_193' title='bbox 1002 1873 1055 1915; x_wconf 90' lang='lat' dir='ltr'>ad</span> <span class='ocrx_word' id='word_1_194' title='bbox 1086 1873 1275 1928; x_wconf 90' lang='lat' dir='ltr'>primum</span> <span class='ocrx_word' id='word_1_195' title='bbox 1305 1873 1516 1927; x_wconf 89' lang='lat' dir='ltr'>impetum</span> 
     </span>
     <span class='ocr_line' id='line_1_32' title="bbox 162 1930 1516 1987; baseline -0.001 -14"><span class='ocrx_word' id='word_1_196' title='bbox 162 1946 306 1974; x_wconf 90' lang='lat' dir='ltr'>eorum</span> <span class='ocrx_word' id='word_1_197' title='bbox 351 1932 458 1987; x_wconf 85' lang='lat' dir='ltr'>fuga</span> <span class='ocrx_word' id='word_1_198' title='bbox 498 1933 582 1975; x_wconf 92' lang='lat' dir='ltr'>sibi</span> <span class='ocrx_word' id='word_1_199' title='bbox 620 1934 891 1976; x_wconf 88' lang='lat' dir='ltr'>consulerent</span> <span class='ocrx_word' id='word_1_200' title='bbox 929 1933 1030 1986; x_wconf 78' lang='lat' dir='ltr'>(et)</span> <span class='ocrx_word' id='word_1_201' title='bbox 1066 1932 1114 1973; x_wconf 93' lang='lat' dir='ltr'>in</span> <span class='ocrx_word' id='word_1_202' title='bbox 1152 1930 1372 1973; x_wconf 88' lang='lat' dir='ltr'>siluestria</span> <span class='ocrx_word' id='word_1_203' title='bbox 1415 1944 1516 1973; x_wconf 90' lang='lat' dir='ltr'>con-</span> 
     </span>
     <span class='ocr_line' id='line_1_33' title="bbox 161 1989 1515 2048; baseline 0 -16"><span class='ocrx_word' id='word_1_204' title='bbox 161 1991 421 2046; x_wconf 87' lang='lat' dir='ltr'>fragosaque</span> <span class='ocrx_word' id='word_1_205' title='bbox 465 1991 563 2034; x_wconf 86' lang='lat' dir='ltr'>loca</span> <span class='ocrx_word' id='word_1_206' title='bbox 607 2007 651 2034; x_wconf 89' lang='lat' dir='ltr'>se</span> <span class='ocrx_word' id='word_1_207' title='bbox 695 1993 950 2048; x_wconf 89' lang='lat' dir='ltr'>reciperent:</span> <span class='ocrx_word' id='word_1_208' title='bbox 999 1992 1063 2033; x_wconf 89' lang='lat' dir='ltr'>ita</span> <span class='ocrx_word' id='word_1_209' title='bbox 1105 1989 1314 2032; x_wconf 85' lang='lat' dir='ltr'>frustrato</span> <span class='ocrx_word' id='word_1_210' title='bbox 1356 1989 1515 2032; x_wconf 88' lang='lat' dir='ltr'>robore</span> 
     </span>
    </p>
   </div>
   <div class='ocr_carea' id='block_1_10' title="bbox 160 2071 442 2082">
    <p class='ocr_par' dir='ltr' id='par_1_12' title="bbox 160 2071 442 2082">
     <span class='ocr_line' id='line_1_34' title="bbox 160 2071 442 2082; baseline 0 0"><span class='ocrx_word' id='word_1_211' title='bbox 160 2071 442 2082; x_wconf 95' lang='lat' dir='ltr'> </span> 
     </span>
    </p>
   </div>
   <div class='ocr_carea' id='block_1_11' title="bbox 156 2116 1518 2354">
    <p class='ocr_par' dir='ltr' id='par_1_13' title="bbox 156 2116 1518 2354">
     <span class='ocr_line' id='line_1_35' title="bbox 256 2116 1515 2165; baseline -0.001 -11"><span class='ocrx_word' id='word_1_212' title='bbox 256 2124 272 2154; x_wconf 92' lang='lat'>1</span> <span class='ocrx_word' id='word_1_213' title='bbox 301 2117 472 2154; x_wconf 86' lang='lat' dir='ltr'>custodia</span> <span class='ocrx_word' id='word_1_214' title='bbox 497 2120 521 2154; x_wconf 81' lang='lat' dir='ltr'>d</span> <span class='ocrx_word' id='word_1_215' title='bbox 543 2121 558 2163; x_wconf 80' lang='grc' dir='ltr'>Ι’</span> <span class='ocrx_word' id='word_1_216' title='bbox 579 2124 600 2154; x_wconf 90' lang='grc'><strong>3</strong></span> <span class='ocrx_word' id='word_1_217' title='bbox 626 2120 809 2155; x_wconf 86' lang='lat' dir='ltr'>marcenti</span> <span class='ocrx_word' id='word_1_218' title='bbox 835 2120 873 2154; x_wconf 91' lang='lat' dir='ltr'>P</span> <span class='ocrx_word' id='word_1_219' title='bbox 898 2121 904 2165; x_wconf 79' lang='grc' dir='ltr'>Ι</span> <span class='ocrx_word' id='word_1_220' title='bbox 937 2123 960 2154; x_wconf 89' lang='grc'>4</span> <span class='ocrx_word' id='word_1_221' title='bbox 983 2117 1106 2154; x_wconf 80' lang='lat' dir='ltr'>xerxis</span> <span class='ocrx_word' id='word_1_222' title='bbox 1130 2118 1176 2153; x_wconf 91' lang='lat' dir='ltr'><strong><em>H</em></strong></span> <span class='ocrx_word' id='word_1_223' title='bbox 1200 2118 1205 2161; x_wconf 85' lang='grc'>1</span> <span class='ocrx_word' id='word_1_224' title='bbox 1237 2116 1359 2161; x_wconf 83' lang='lat' dir='ltr'>possit</span> <span class='ocrx_word' id='word_1_225' title='bbox 1382 2116 1428 2152; x_wconf 83' lang='lat' dir='ltr'><strong><em>H</em></strong></span> <span class='ocrx_word' id='word_1_226' title='bbox 1450 2118 1456 2161; x_wconf 94' lang='grc' dir='ltr'>Ι</span> <span class='ocrx_word' id='word_1_227' title='bbox 1490 2121 1515 2153; x_wconf 77' lang='grc'><strong>6</strong></span> 
     </span>
     <span class='ocr_line' id='line_1_36' title="bbox 157 2163 1514 2211; baseline -0.001 -9"><span class='ocrx_word' id='word_1_228' title='bbox 157 2177 343 2203; x_wconf 87' lang='lat' dir='ltr'>annonem</span> <span class='ocrx_word' id='word_1_229' title='bbox 370 2166 407 2201; x_wconf 91' lang='lat' dir='ltr'>P</span> <span class='ocrx_word' id='word_1_230' title='bbox 432 2167 437 2211; x_wconf 90' lang='grc' dir='ltr'>Ι</span> <span class='ocrx_word' id='word_1_231' title='bbox 474 2170 493 2202; x_wconf 82' lang='grc'><strong>7</strong></span> <span class='ocrx_word' id='word_1_232' title='bbox 519 2165 679 2203; x_wconf 84' lang='lat' dir='ltr'>Indibile</span> <span class='ocrx_word' id='word_1_233' title='bbox 711 2168 791 2203; x_wconf 85' lang='lat' dir='ltr'>edd.</span> <span class='ocrx_word' id='word_1_234' title='bbox 829 2165 995 2202; x_wconf 89' lang='lat' dir='ltr'>inclibile</span> <span class='ocrx_word' id='word_1_235' title='bbox 1017 2165 1105 2200; x_wconf 86' lang='grc' dir='ltr'>ΗΡ</span> <span class='ocrx_word' id='word_1_236' title='bbox 1144 2163 1298 2200; x_wconf 86' lang='lat' dir='ltr'>Indibili</span> <span class='ocrx_word' id='word_1_237' title='bbox 1322 2163 1514 2200; x_wconf 70' lang='lat' dir='ltr'>Simsomoe</span> 
     </span>
     <span class='ocr_line' id='line_1_37' title="bbox 156 2210 1510 2258; baseline -0.003 -9"><span class='ocrx_word' id='word_1_238' title='bbox 156 2213 339 2250; x_wconf 88' lang='lat' dir='ltr'>Intibilim</span> <span class='ocrx_word' id='word_1_239' title='bbox 362 2213 453 2250; x_wconf 77' lang='lat' dir='ltr'>Oud.</span> <span class='ocrx_word' id='word_1_240' title='bbox 478 2214 483 2258; x_wconf 96' lang='grc' dir='ltr'>Ι</span> <span class='ocrx_word' id='word_1_241' title='bbox 507 2217 549 2249; x_wconf 93' lang='grc'>11</span> <span class='ocrx_word' id='word_1_242' title='bbox 574 2214 837 2250; x_wconf 88' lang='lat' dir='ltr'>constantioris</span> <span class='ocrx_word' id='word_1_243' title='bbox 858 2214 916 2258; x_wconf 84' lang='grc' dir='ltr'>ΡΙ</span> <span class='ocrx_word' id='word_1_244' title='bbox 937 2212 1044 2248; x_wconf 88' lang='lat' dir='ltr'>miles</span> <span class='ocrx_word' id='word_1_245' title='bbox 1068 2211 1211 2247; x_wconf 85' lang='lat' dir='ltr'>uiribus</span> <span class='ocrx_word' id='word_1_246' title='bbox 1235 2210 1417 2247; x_wconf 87' lang='lat' dir='ltr'>infirmior</span> <span class='ocrx_word' id='word_1_247' title='bbox 1442 2210 1510 2246; x_wconf 89' lang='lat' dir='ltr'>sed</span> 
     </span>
     <span class='ocr_line' id='line_1_38' title="bbox 156 2257 1518 2306; baseline -0.002 -10"><span class='ocrx_word' id='word_1_248' title='bbox 156 2262 271 2297; x_wconf 87' lang='lat' dir='ltr'>animi</span> <span class='ocrx_word' id='word_1_249' title='bbox 303 2261 567 2297; x_wconf 87' lang='lat' dir='ltr'>constantioris</span> <span class='ocrx_word' id='word_1_250' title='bbox 593 2262 618 2296; x_wconf 77' lang='lat' dir='ltr'>d</span> <span class='ocrx_word' id='word_1_251' title='bbox 648 2262 654 2306; x_wconf 87' lang='grc' dir='ltr'>Ι</span> <span class='ocrx_word' id='word_1_252' title='bbox 695 2265 738 2296; x_wconf 83' lang='grc'>12</span> <span class='ocrx_word' id='word_1_253' title='bbox 772 2260 974 2297; x_wconf 84' lang='lat' dir='ltr'>extrixerat</span> <span class='ocrx_word' id='word_1_254' title='bbox 998 2259 1057 2294; x_wconf 88' lang='lat' dir='ltr'>H¹</span> <span class='ocrx_word' id='word_1_255' title='bbox 1089 2261 1095 2304; x_wconf 88' lang='grc' dir='ltr'>Ι</span> <span class='ocrx_word' id='word_1_256' title='bbox 1132 2262 1176 2294; x_wconf 85' lang='grc'>14</span> <span class='ocrx_word' id='word_1_257' title='bbox 1201 2257 1445 2303; x_wconf 83' lang='lat' dir='ltr'>spectandum</span> <span class='ocrx_word' id='word_1_258' title='bbox 1469 2257 1518 2293; x_wconf 85' lang='lat' dir='ltr'><strong><em>H</em></strong></span> 
     </span>
     <span class='ocr_line' id='line_1_39' title="bbox 156 2305 1510 2354; baseline -0.001 -11"><span class='ocrx_word' id='word_1_259' title='bbox 156 2309 391 2354; x_wconf 86' lang='lat' dir='ltr'>spectantum</span> <span class='ocrx_word' id='word_1_260' title='bbox 412 2309 473 2349; x_wconf 83' lang='grc' dir='ltr'>ΡΙ</span> <span class='ocrx_word' id='word_1_261' title='bbox 506 2312 549 2343; x_wconf 88' lang='grc'>16</span> <span class='ocrx_word' id='word_1_262' title='bbox 574 2308 729 2354; x_wconf 81' lang='lat' dir='ltr'>yllyrios</span> <span class='ocrx_word' id='word_1_263' title='bbox 756 2309 817 2354; x_wconf 79' lang='lat' dir='ltr'>P}</span> <span class='ocrx_word' id='word_1_264' title='bbox 853 2311 895 2343; x_wconf 88' lang='lat'>18</span> <span class='ocrx_word' id='word_1_265' title='bbox 922 2307 1062 2343; x_wconf 91' lang='lat' dir='ltr'>electus</span> <span class='ocrx_word' id='word_1_266' title='bbox 1088 2306 1214 2342; x_wconf 86' lang='lat' dir='ltr'>deioto</span> <span class='ocrx_word' id='word_1_267' title='bbox 1234 2305 1292 2341; x_wconf 88' lang='lat' dir='ltr'>H¹</span> <span class='ocrx_word' id='word_1_268' title='bbox 1314 2309 1319 2351; x_wconf 76' lang='grc' dir='ltr'>Ι</span> <span class='ocrx_word' id='word_1_269' title='bbox 1355 2309 1396 2342; x_wconf 90' lang='grc'>19</span> <span class='ocrx_word' id='word_1_270' title='bbox 1422 2315 1510 2341; x_wconf 84' lang='lat' dir='ltr'>con-</span> 
     </span>
    </p>
   </div>
   <div class='ocr_carea' id='block_1_12' title="bbox 155 2354 1095 2401">
    <p class='ocr_par' dir='ltr' id='par_1_14' title="bbox 155 2354 1095 2401">
     <span class='ocr_line' id='line_1_40' title="bbox 155 2354 1095 2401; baseline 0 -11"><span class='ocrx_word' id='word_1_271' title='bbox 155 2356 301 2392; x_wconf 84' lang='lat' dir='ltr'>locatus</span> <span class='ocrx_word' id='word_1_272' title='bbox 326 2355 384 2391; x_wconf 80' lang='grc' dir='ltr'>Η1</span> <span class='ocrx_word' id='word_1_273' title='bbox 413 2359 418 2399; x_wconf 75' lang='lat'>1</span> <span class='ocrx_word' id='word_1_274' title='bbox 451 2359 496 2392; x_wconf 83' lang='lat'>28</span> <span class='ocrx_word' id='word_1_275' title='bbox 523 2354 595 2391; x_wconf 85' lang='lat' dir='ltr'>sibi</span> <span class='ocrx_word' id='word_1_276' title='bbox 620 2356 710 2401; x_wconf 83' lang='lat' dir='ltr'>fuga</span> <span class='ocrx_word' id='word_1_277' title='bbox 737 2356 774 2390; x_wconf 93' lang='lat' dir='ltr'>P</span> <span class='ocrx_word' id='word_1_278' title='bbox 803 2358 807 2400; x_wconf 85' lang='grc' dir='ltr'>Ι</span> <span class='ocrx_word' id='word_1_279' title='bbox 842 2358 880 2391; x_wconf 89' lang='lat' dir='ltr'>et</span> <span class='ocrx_word' id='word_1_280' title='bbox 903 2355 1046 2400; x_wconf 58' lang='lat' dir='ltr'>simplet</span> <span class='ocrx_word' id='word_1_281' title='bbox 1070 2354 1095 2389; x_wconf 83' lang='lat' dir='ltr'>d</span> 
     </span>
    </p>
   </div>
  </div>
 </body>
</html>
