1612 2488
578 115 725 152 LIBER
748 114 794 151 11.
832 114 936 152 CAP.
965 121 995 151 1.
1398 115 1457 181 35}

259 223 312 266 Χ.
343 222 390 266 Si
414 238 483 266 res
508 223 655 266 durius
674 223 867 276 cesserit,
886 222 938 265 de
958 223 1149 266 aduersis
1169 223 1458 266 emendandis.

236 281 312 325 XI.
342 281 408 325 De
439 282 667 324 dubiorum
699 282 855 324 animis
886 282 930 324 in
960 282 1044 324 fide
1074 282 1325 325 retinendis.

210 341 311 384 XII.
343 340 462 391 Quae
491 341 687 383 facienda
717 341 804 382 sint
834 355 912 396 pro
944 341 1116 396 castris,
1147 342 1183 383 si
1214 342 1322 384 satis
1354 341 1458 385 fidu·

393 400 483 442 ciae
502 400 548 441 in
567 399 864 454 praesentibus
888 400 1024 454 copiis
1042 414 1131 442 non
1148 400 1457 455 habe<a>mus.

190 458 312 501 XIII.
342 458 406 501 De
437 457 689 514 effugiendo.

285 597 314 634 Ι.
350 597 415 633 DE
438 596 668 632 TEMPORE
694 596 761 631 AD
786 596 993 633 PUGNAM
1018 596 1279 634 ELIGENDO.

202 694 239 736 1.
275 692 323 736 Ρ.
342 691 486 747 Scipio
511 693 558 735 in
583 692 807 748 Hispania,
838 708 934 736 cum
960 694 1239 749 comperisset
1263 693 1457 737 Hasdru·

112 751 255 794 balem
284 750 528 794 Poenorum
559 751 706 794 ducem
736 751 879 794 ieiuno
910 753 1099 795 exercitu
1131 767 1256 795 mane
1287 767 1456 808 proces·

110 810 221 852 sisse
262 810 309 852 in
344 810 498 865 aciem,
540 806 753 852 continuit
794 811 839 852 in
879 810 1031 853 horam
1075 812 1306 866 septimam
1344 826 1457 867 suOS,

112 869 268 924 quibus
298 872 594 924 praeceperat,
625 872 672 911 ut
703 869 969 923 quiescerent
993 872 1037 911 et
1061 870 1205 912 cibum
1236 875 1456 926 caperent:

111 941 293 983 cumque
328 927 476 970 hostes
512 927 671 980 inedia,
708 928 799 982 siti,
834 942 957 970 mora
994 929 1074 970 sub
1111 929 1243 971 armis
1280 930 1457 986 fatigati

111 989 304 1040 repetere
339 989 482 1028 castra
513 986 773 1042 coepissent,
810 987 954 1029 subito
991 987 1138 1042 copias
1170 987 1376 1042 <e>duxit
1414 995 1458 1031 et

110 1044 342 1095 commisso
370 1045 536 1100 proelio
566 1045 684 1088 uicit.

198 1103 242 1146 2.
269 1101 470 1146 Metellus
499 1102 603 1146 Pius
633 1104 681 1146 in
705 1103 917 1159 Hispania
949 1104 1154 1147 aduersus
1180 1104 1457 1160 Hirtuleium,

109 1175 210 1204 cum
244 1161 321 1204 ille
357 1161 523 1204 oriente
558 1163 756 1217 protinus
785 1163 853 1205 die
883 1163 1142 1214 instructam
1173 1164 1308 1206 aciem
1339 1165 1457 1206 uallo

110 1220 204 1262 eius
229 1219 509 1276 admouisset,
535 1221 826 1264 feruidissimo
850 1224 954 1264 tunc
984 1225 1180 1278 tempore
1211 1224 1312 1265 anni
1343 1224 1457 1265 intra

111 1281 255 1321 castra
283 1279 497 1322 continuit
527 1293 627 1322 suos
658 1280 702 1323 in
732 1280 886 1323 horam
911 1280 996 1323 diei
1022 1284 1208 1324 sextam:
1239 1286 1370 1337 atque
1394 1283 1455 1324 ita

110 1336 320 1392 fatigatos
363 1340 485 1380 aestu
528 1338 656 1380 facile
696 1339 877 1395 integris
915 1343 960 1381 et
995 1340 1239 1382 recentibus
1280 1355 1456 1383 suorum

113 1395 280 1437 uiribus
310 1396 427 1438 uicit.

200 1454 241 1496 3.
271 1453 404 1510 Idem,
422 1455 580 1497 iunctis
605 1469 702 1497 cum
719 1454 927 1511 Pompeio
953 1457 1109 1499 castris
1134 1457 1340 1500 aduersus
1360 1456 1455 1500 Ser-

111 1512 273 1555 torium
314 1513 359 1555 in
401 1512 634 1569 Hispania,
677 1528 773 1557 cum
817 1529 943 1570 saepe
987 1516 1267 1558 instruxisset
1308 1517 1455 1570 aciem,

110 1570 239 1613 hoste
281 1572 356 1626 qui
397 1572 592 1627 inparem
629 1587 675 1615 se
712 1573 878 1615 duobus
915 1574 1117 1617 credebat
1157 1589 1349 1631 pugnam
1386 1575 1455 1616 de·

54 1671 59 1674 .
111 1632 345 1683 trectante,
376 1631 562 1685 quodam
592 1630 742 1674 deinde
771 1635 964 1687 tempore
994 1631 1265 1676 Sertorianos
1296 1634 1455 1675 milites

113 1687 491 1730 animaduertisset
514 1703 672 1745 magno
703 1690 868 1746 impetu
892 1690 1143 1744 instinctos,
1173 1692 1455 1746 deposcentes

114 1758 307 1800 pugnam
350 1761 601 1801 umerosque
645 1751 886 1790 exserentes
929 1752 974 1790 et
1008 1749 1181 1791 lanceas
1223 1750 1458 1805 uibrantes,

114 1804 383 1846 existimauit
426 1805 569 1847 ardori
613 1805 848 1848 cedendum
889 1807 935 1848 in
976 1810 1172 1862 tempore
1213 1809 1457 1864 recepitque

112 1863 348 1905 exercitum
380 1866 423 1905 et
449 1862 656 1919 Pompeio
687 1864 800 1906 idem
830 1865 1014 1908 faciendi
1045 1869 1196 1909 auctor
1225 1866 1319 1908 fuit.

202 1922 243 1963 4.
283 1921 531 1964 Postumius
562 1923 712 1966 consul
741 1924 787 1964 in
814 1922 977 1979 Sicilia,
1008 1939 1107 1967 cum
1137 1928 1279 1968 castra
1309 1926 1399 1968 eius
1431 1942 1456 1969 a

114 1978 288 2022 Punicis
330 1980 464 2023 trium
508 1981 675 2023 milium
722 1996 928 2037 passuum
972 1984 1112 2038 spatio
1157 1984 1371 2027 distarent
1413 1990 1455 2027 et

211 2110 230 2140 1
256 2107 414 2152 gesserit
436 2108 482 2142 H
545 2107 769 2143 aduersariis
793 2108 851 2143 H¹
884 2110 891 2153 Ι
922 2112 944 2143 2
970 2110 1016 2145 de
1041 2121 1107 2147 om.
1128 2110 1187 2146 Ηι
1220 2112 1226 2156 Ι
1260 2116 1281 2147 3
1307 2112 1391 2158 pro]
1417 2112 1456 2147 in

114 2151 183 2196 ΗΙ
215 2156 239 2187 4
256 2153 494 2189 habemusH
531 2182 542 2198 ‚
566 2165 658 2190 corr.
677 2155 729 2200 ᾱΙ
763 2159 784 2191 5
803 2166 823 2190 e
923 2155 1000 2192 ndo
1018 2157 1110 2203 H¹1
1143 2162 1164 2193 6
1184 2157 1366 2204 elegendo
1384 2158 1455 2205 Hl

116 2201 138 2233 ’1
163 2197 203 2233 Ρ.
246 2198 316 2234 Pre
340 2201 399 2242 Pl
432 2205 454 2237 8
478 2201 615 2237 ieiunio
640 2201 699 2237 H¹
720 2202 726 2247 Ι
759 2212 848 2238 sane
911 2201 998 2238 GH
1003 2203 1052 2248 P,
1073 2215 1166 2240 corr.
1191 2205 1217 2240 d
1238 2207 1243 2249 Ι
1276 2205 1457 2250 processit

115 2254 155 2279 se
218 2245 275 2280 1-1ι
301 2248 308 2291 Ι
343 2251 385 2283 11
412 2248 463 2283 sit
486 2247 584 2283 eiH
604 2252 689 2285 ante
711 2259 804 2284 corr.
830 2249 838 2294 Ι
872 2253 915 2285 12
941 2250 1048 2286 duxit
1074 2250 1249 2294 GGHP,
1279 2262 1370 2287 corr.
1396 2252 1453 2297 d}

116 2294 160 2326 16
186 2291 285 2327 intra
310 2292 346 2328 G
374 2294 415 2329 in
433 2294 544 2340 ΗΡΙ
574 2299 617 2332 18
642 2295 773 2331 faciles
793 2295 901 2340 GH!
934 2297 1203 2333 recentioribus
1229 2297 1260 2334 0
1285 2301 1289 2342 1
1324 2302 1368 2334 25
1395 2309 1455 2334 ex-

115 2339 279 2374 serentes
304 2341 329 2375 d
359 2342 571 2378 exercentes
599 2341 686 2377 GH
690 2342 727 2377 P
751 2345 756 2386 Ι
794 2342 975 2378 uibrantis
996 2344 1031 2379 G-

1485 883 1528 913 10

1486 1176 1526 1207 15

1481 1470 1526 1501 20

1482 1762 1526 1794 25
