1612 2488
149 754 191 785 10

147 1050 189 1081 15

146 1345 188 1376 20

143 1640 187 1671 25

143 1934 186 1966 30

223 97 279 138 14
495 97 594 133 IULI
618 97 859 133 FRONTINI
884 97 1315 135 STRATEGEMATON

219 208 310 248 tere
349 208 393 248 et
423 206 659 248 transitum
691 206 865 261 minari3
903 221 1085 263 cumque
1123 208 1443 264 exspectatione
1479 209 1575 252 bar-

219 266 349 308 baros
381 265 572 308 intentos
603 268 787 321 teneret,
818 266 1005 308 insulam
1031 266 1162 322 paulo
1186 267 1463 310 remotiorem
1488 269 1574 323 pri-

219 339 339 366 mum
370 324 544 381 exiguo,
576 325 728 367 deinde
760 325 922 367 maiore
954 325 1168 380 praesidio
1196 326 1422 382 occupavit
1445 329 1573 382 atque

220 384 319 426 inde
350 384 396 425 in
422 384 673 426 ulteriorem
697 384 835 439 ripam
862 385 1120 427 transmisit:
1152 385 1205 428 ad
1237 400 1366 441 quam
1395 400 1573 429 manum

220 443 545 498 opprimendam
579 458 676 486 cum
707 443 899 485 uniuersi
930 458 974 486 se
1005 443 1153 486 hostes
1180 444 1450 500 effudissent,
1479 445 1573 501 ipse

219 502 356 544 libero
389 503 501 545 uado
533 506 831 559 transgressus
864 517 1012 545 omnes
1045 503 1191 558 copias
1223 504 1458 547 coniunxit.

310 562 378 604 10.
419 561 680 616 Xenophon,
717 562 965 605 ulteriorem
1002 562 1143 618 ripam
1174 562 1394 605 Armeniis
1425 565 1573 606 tenen-

218 621 354 674 tibus,
386 621 492 663 duos
524 622 651 663 iussit
682 622 831 677 quaeri
863 621 1025 676 aditus3
1057 624 1102 664 et
1132 636 1228 664 cum
1255 638 1281 665 a
1307 622 1477 677 <uado>
1508 622 1571 665 in-

217 680 373 722 feriore
398 680 596 736 repulsus
617 683 741 736 esset,
767 681 942 723 transiit
967 681 1020 723 ad
1047 681 1259 737 superius,
1284 682 1383 724 inde
1404 696 1572 737 quoque

217 739 464 794 prohibitus
484 739 674 782 hostium
692 754 870 782 occursu
889 740 1050 795 repetit
1069 740 1227 783 uadum
1244 741 1441 797 inferius,
1452 741 1572 783 iussa

218 799 391 853 quidem
446 799 633 841 militum
687 801 813 854 parte
862 799 1116 855 subsistere,
1168 800 1246 853 [et]
1297 814 1424 855 quae,
1474 814 1571 842 cum

217 858 417 900 Armenii
467 858 521 900 ad
570 858 788 901 inferioris
837 858 938 900 uadi
986 859 1169 901 tutelam
1217 858 1446 914 redissent,
1493 874 1571 915 per

218 917 413 972 superius
457 918 852 973 transgrederetur:
897 917 1111 973 Armenii,
1160 918 1381 962 credentes
1424 919 1571 962 decur-

217 990 341 1018 suros
379 991 547 1031 omnes,
592 977 760 1032 decepti
804 979 905 1018 sunt
942 991 968 1019 a
1003 977 1344 1032 remanentibu83
1387 977 1436 1019 hi
1472 992 1571 1020 cum

216 1036 444 1078 resistente
468 1036 589 1078 nullo
615 1035 774 1077 uadum
801 1039 1096 1091 superassent,
1127 1036 1444 1079 transeuntium
1474 1051 1570 1079 suo·

215 1109 311 1136 rum
344 1094 462 1137 fuere
493 1097 852 1151 propugnatores.

309 1155 374 1196 11.
420 1154 586 1209 Appius
625 1153 831 1196 Claudius
871 1154 1021 1196 consul
1060 1153 1200 1208 primo
1237 1154 1354 1197 bello
1392 1154 1569 1206 Punico,

216 1227 314 1255 cum
357 1228 382 1254 a
423 1212 561 1269 Regio
605 1212 852 1255 Messanam
900 1213 1082 1255 traicere
1126 1213 1311 1255 militem
1359 1213 1569 1270 nequiret,

216 1272 562 1314 custodientibus
594 1272 751 1314 fretum
782 1272 959 1328 Poenis,
990 1272 1151 1327 sparsit
1181 1286 1414 1328 rumorem,
1444 1273 1569 1328 quasi

215 1331 379 1373 bellum
422 1331 591 1373 iniussu
634 1332 784 1386 populi
825 1332 1045 1386 inceptum
1088 1345 1238 1387 gerere
1280 1346 1370 1374 non
1409 1335 1569 1387 posset,

216 1391 481 1445 classemque
512 1391 558 1432 in
588 1390 764 1432 Italiam
802 1405 952 1432 uersus
986 1405 1031 1432 se
1062 1403 1191 1446 agere
1228 1391 1469 1433 simulauit:
1506 1391 1568 1433 di-

215 1450 376 1504 gressis
408 1450 560 1491 deinde
592 1449 770 1506 Poenis,
807 1450 880 1505 qui
911 1449 1172 1504 profectioni
1204 1450 1294 1492 eius
1325 1450 1568 1492 habuerant

213 1509 361 1562 fidem,
393 1509 673 1551 circumactas
704 1523 838 1550 naues
871 1509 1040 1563 appulit
1070 1507 1253 1550 Siciliae.

307 1568 374 1610 12.
405 1566 848 1610 Lacedaemoniorum
873 1567 1020 1622 duces,
1052 1582 1149 1610 cum
1177 1566 1414 1622 Syracusas
1443 1567 1565 1609 naui-

215 1641 318 1683 gare
360 1627 653 1669 destinassent
691 1629 734 1668 et
771 1626 1014 1669 Poenorum
1052 1626 1311 1681 dispositam
1348 1641 1426 1682 per
1461 1626 1566 1668 litus

215 1687 398 1728 classem
422 1687 643 1742 timerent,
675 1686 821 1728 decem
846 1685 1030 1728 Punicas
1055 1700 1208 1741 naues,
1237 1699 1344 1740 quas
1371 1685 1566 1741 captiuas

213 1745 449 1800 habebant,
481 1746 620 1788 ueluti
650 1745 848 1788 uictrices
880 1746 1043 1800 primas
1074 1746 1294 1787 iusserunt
1318 1745 1408 1800 agi,
1439 1747 1516 1786 aut
1540 1759 1566 1786 a

214 1805 350 1846 latere
388 1805 547 1847 iunctis
586 1808 661 1847 aut
691 1819 836 1860 puppe
867 1804 1063 1859 religatis
1097 1803 1262 1858 <suis>:
1301 1817 1386 1859 qua
1424 1803 1565 1858 specie

214 1863 402 1918 deceptis
435 1864 593 1906 Poenis
624 1865 902 1906 transierunt.

305 1923 371 1964 13.
415 1922 661 1979 Philippus,
705 1938 802 1965 cum
841 1922 1065 1978 angustias
1103 1921 1253 1975 maris,
1289 1934 1399 1976 quae
1431 1921 1564 1964 (τενὰ

308 2019 328 2049 2
354 2015 499 2050 teneret
522 2015 576 2058 H,
600 2016 662 2051 sed
680 2016 789 2061 prior
813 2017 830 2050 t
854 2016 897 2050 in
921 2025 993 2050 ras.
1019 2014 1178 2050 duarum
1203 2013 1271 2048 litt.
1297 2013 1320 2048 h
1347 2013 1353 2058 Ι
1384 2013 1497 2066 paulo
1523 2013 1568 2048 H

212 2064 254 2097 in
284 2073 355 2098 ras.
379 2063 386 2107 Ι
409 2065 429 2097 7
455 2061 655 2098 armoeniis
679 2063 725 2097 H
743 2066 748 2104 1
776 2067 798 2098 8
824 2063 896 2098 duo
924 2062 961 2097 P
981 2064 985 2106 Ι
1006 2060 1106 2096 uado
1131 2061 1215 2096 aad.
1245 2059 1338 2096 Oua.
1362 2061 1367 2104 Ι
1388 2059 1564 2096 inferiore

211 2110 379 2146 Eussner
417 2109 587 2150 citeriore
618 2109 707 2144 ΗΡ
739 2114 744 2150 Ι
784 2114 805 2145 9
838 2108 1066 2154 superiorem
1096 2108 1173 2143 edd.
1209 2109 1215 2151 1
1251 2110 1294 2142 10
1325 2106 1480 2151 repetiit
1502 2108 1528 2143 d
1555 2107 1559 2154 Ι

212 2158 314 2192 iussa
339 2156 489 2201 quidem
518 2156 613 2192 Oud.
639 2156 812 2202 iussaque
837 2156 979 2192 ibidem
1004 2155 1041 2190 P
1069 2155 1172 2190 iussu
1198 2155 1305 2199 parte
1329 2154 1471 2190 omissis
1494 2165 1563 2190 me-

212 2206 285 2240 diis
298 2204 343 2240 H
361 2206 366 2250 Ι
390 2208 431 2239 11
448 2205 487 2239 et
500 2204 632 2239 deleuit
647 2204 740 2240 Oud.
768 2206 806 2239 et
824 2215 919 2249 quae
933 2203 979 2238 H
999 2213 1044 2238 ex
1063 2213 1136 2246 qua
1151 2201 1188 2236 P
1207 2204 1212 2246 Ι
1236 2204 1279 2236 12
1300 2201 1480 2236 armoenii
1492 2201 1539 2236 H
1556 2201 1560 2248 Ι

211 2252 373 2288 totulam
387 2251 446 2286 H¹
475 2253 481 2296 Ι
511 2255 553 2286 17
573 2251 716 2296 Appius
739 2252 833 2287 Oud.
866 2251 904 2286 P.
922 2250 967 2286 H
971 2250 1023 2292 P,·
1048 2250 1094 2293 cf.
1113 2248 1230 2294 praef.
1250 2248 1278 2294 §¹
1296 2252 1340 2283 11
1364 2250 1370 2292 Ι
1401 2250 1442 2284 18
1468 2259 1562 2284 mes·
1601 2257 1607 2260 ·

212 2311 304 2334 sana
329 2300 351 2334 h
373 2302 378 2344 1
407 2302 451 2334 22
478 2297 709 2344 profectione
730 2298 775 2333 H
792 2301 797 2343 l
826 2302 870 2334 25
896 2309 964 2344 per
986 2297 1076 2332 litus
1093 2295 1246 2332 casaub.
1272 2295 1421 2340 penitus
1440 2295 1487 2330 H
1491 2295 1529 2329 P

212 2351 256 2382 28
296 2347 371 2382 suis
410 2347 493 2382 add.
530 2346 641 2382 Tema.
676 2345 759 2380 aliis
792 2346 877 2382 add.
909 2346 934 2380 d
973 2347 978 2388 1
1019 2348 1064 2380 30
1099 2344 1214 2379 (τενὰ
1244 2353 1310 2379 ‘nos
1341 2343 1448 2379 ciens
1477 2341 1522 2378 H
