1612 2488
559 103 706 140 LIBER
727 102 792 140 111.
829 102 932 140 cAP.
959 107 991 139 1.
1391 98 1448 142 89

245 214 322 259 VI.
350 213 417 257 De
447 212 717 256 districtione
746 210 1061 268 praesidiorum
1091 209 1330 252 hostilium.

224 273 321 316 VII.
352 272 418 316 De
424 272 649 315 fluminum
657 270 924 314 deriuatione
934 272 978 313 et
987 269 1218 312 uitiatione
1228 281 1450 324 aquarum.

204 331 324 375 VIII.
354 331 422 375 De
450 330 664 374 iniciendo
695 329 884 373 obsessis
914 342 1088 384 pauore.

178 390 323 434 VIIII.
353 390 421 433 De
454 389 702 446 inruptione
737 403 791 431 ex
826 388 999 431 diuersa
1033 389 1177 444 parte,
1213 400 1343 442 quam
1381 399 1450 428 ex·

386 449 689 505 spectabimur.
1476 456 1499 488 5

270 507 322 551 X.
351 508 418 552 De
446 507 634 562 insidiis,
663 521 742 563 per
772 521 879 563 quas
910 506 1140 549 eliciantur
1169 504 1348 548 obsessi.

245 567 323 611 XI.
351 566 418 610 De
448 566 724 609 simulatione
753 578 986 622 regressus.

102 626 173 671 Ex
202 626 421 670 contrario
451 625 565 668 circa
594 625 778 668 tutelam
807 625 1098 667 obsessorum:

224 683 324 728 XII.
353 684 419 728 De
449 684 677 728 excitanda
707 698 811 727 cura
840 697 1028 726 suorum.

205 743 326 787 xm.
355 743 422 786 De
452 743 687 786 emittendo
718 745 764 786 et
791 741 1038 797 recipiendo
1067 741 1234 784 nuntio.
1480 752 1525 785 ιο

183 801 327 846 ΧΙΙΠ.
356 801 423 845 De
464 801 785 845 introducendis
834 801 1007 844 auxiliis
1054 804 1098 843 et
1141 799 1454 843 commeatibus

390 860 684 917 suggerendis.

230 918 326 962 XV.
357 918 725 970 Quemadmodum
755 918 988 974 efficiatur,
1017 921 1067 961 ut
1092 917 1313 960 abundare
1336 916 1454 959 uide·

392 980 538 1033 antur,
568 992 678 1033 quae
709 977 899 1021 deerunt.

210 1036 327 1080 XVI.
357 1036 453 1087 Qua
475 1036 644 1080 ratione
668 1036 963 1092 proditoribus
983 1039 1027 1078 et
1044 1035 1285 1091 transfugis
1311 1048 1454 1078 occur-
1482 1045 1528 1079 15

189 1152 328 1196 XVII.
358 1098 767 1209 Dleatguptionibus.

166 1211 327 1256 XVIII.
356 1211 423 1256 De
453 1213 699 1256 constantia
730 1213 1017 1255 obsessorum.

449 1328 478 1364 Ι.
516 1327 581 1363 DE
605 1327 886 1363 REPENTINO
912 1326 1108 1363 IMPETU.

201 1400 238 1441 1.
276 1399 323 1442 Τ.
349 1398 549 1450 Quintius
577 1399 738 1455 consul,
756 1399 884 1442 uictis
909 1400 999 1442 acie
1018 1399 1183 1455 Aequis
1208 1402 1253 1442 et
1270 1398 1457 1454 Volscis,
1482 1411 1528 1443 20

111 1472 208 1500 cum
232 1457 413 1501 Antium
438 1459 643 1514 oppidum
669 1472 916 1515 expugnare
942 1459 1178 1513 statuisset,
1209 1458 1264 1501 ad
1294 1458 1458 1501 contio·

109 1530 211 1559 nem
246 1520 401 1560 uocato
440 1518 630 1560 exercitu
666 1518 885 1573 exposuit,
920 1532 1049 1573 quam
1086 1517 1132 1560 id
1165 1517 1458 1560 necessarium

112 1578 156 1618 et
185 1575 309 1618 facile
334 1579 459 1631 esset,
490 1577 527 1619 si
550 1591 639 1619 non
662 1576 926 1619 differretur:
956 1591 1091 1632 eoque
1122 1577 1300 1631 impetu,
1331 1590 1459 1632 quem

63 1678 67 1681 ,
113 1633 356 1677 exhortatio
388 1635 692 1688 concitauerat,
725 1635 955 1691 adgressus
986 1638 1054 1677 est
1082 1635 1247 1678 urbem.

202 1692 243 1734 2.
290 1691 348 1734 M.
391 1691 502 1736 Cato
544 1693 591 1735 in
631 1693 847 1748 Hispania
889 1694 1195 1736 animaduertit
1238 1693 1370 1748 potiri
1413 1707 1458 1735 se
1484 1704 1530 1736 25

113 1750 296 1805 quodam
316 1751 474 1806 oppido
493 1766 633 1806 posse,
664 1752 702 1793 si
725 1751 975 1806 inopinatos
998 1752 1233 1794 inuaderet.
1293 1751 1461 1806 quadri-

115 1808 189 1851 dui
211 1809 357 1865 itaque
393 1810 476 1852 iter
510 1810 640 1852 biduo
666 1824 743 1865 per
767 1810 1026 1866 confragosa
1059 1813 1102 1852 et
1127 1810 1297 1852 deserta
1321 1824 1460 1852 emen·

114 1881 199 1922 sus,
227 1868 337 1910 nihil
367 1869 455 1911 tale
486 1871 725 1911 metuentes
757 1869 973 1924 oppressit
1002 1869 1163 1912 hostes.
1223 1869 1459 1911 uictoribus

117 1925 269 1968 deinde
301 1927 389 1969 suis
421 1941 593 1970 causam
630 1931 722 1970 tam
752 1926 894 1969 facilis
932 1930 1111 1971 euentus
1141 1928 1459 1985 requirentibus

213 2057 231 2088 1
258 2054 508 2090 destructione
536 2054 574 2089 P
603 2055 609 2099 Ι
642 2053 807 2090 hostium
831 2055 875 2090 d.-
898 2055 995 2100 cfip
997 2057 1099 2098 .‚96
1122 2058 1146 2091 9
1185 2056 1190 2099 Ι
1230 2059 1252 2091 2
1276 2054 1460 2090 uitatione

116 2099 228 2144 ΗΡ,
252 2110 343 2137 corr.
368 2101 426 2147 d}
462 2105 485 2136 4
510 2103 770 2147 exspectamur
796 2101 903 2137 H¹P
923 2101 1219 2147 exspectabimus
1242 2102 1282 2145 h,
1319 2102 1462 2138 carras·

116 2157 219 2192 ap.
247 2150 339 2192 100,
364 2149 414 2193 91
454 2152 476 2183 6
501 2147 548 2183 de
578 2148 818 2201 disponendis
841 2113 1034 2192 insidiispe
1044 2149 1085 2184 in
1110 2150 1431 2193 quasp.103,1

118 2193 333 2229 elicitantur
356 2195 414 2229 H¹
436 2195 443 2239 1
464 2199 485 2230 9
512 2194 750 2231 exercitanda
773 2195 816 2230 H
823 2195 871 2240 P
894 2206 987 2233 corr.
1012 2196 1038 2232 d
1058 2199 1064 2239 Ι
1087 2199 1131 2231 13
1157 2195 1367 2231 efficiantur
1389 2194 1436 2230 H

119 2244 164 2275 14
188 2242 393 2285 quaeerunt
415 2241 462 2277 H

214 2291 260 2323 20
282 2287 388 2324 Titus
410 2288 445 2324 G
464 2291 472 2334 Ι
493 2292 538 2324 23
558 2291 615 2325 est
633 2290 671 2324 et
689 2289 735 2325 H
751 2291 757 2333 1
778 2292 824 2325 24
842 2290 1088 2326 concitauerit
1109 2288 1169 2326 G!
1192 2290 1250 2324 est
1267 2299 1335 2324 om.
1348 2287 1436 2324 GH
1453 2288 1459 2334 Ι

118 2336 163 2369 25
178 2333 324 2370 Marcus
341 2334 375 2370 G
390 2335 395 2382 Ι
410 2339 456 2371 26
474 2338 602 2382 posset
615 2335 715 2371 GH
712 2348 716 2382 ι
730 2336 945 2382 inopinatus
958 2338 983 2372 d
999 2338 1003 2383 Ι
1019 2336 1163 2382 quadru
1176 2336 1270 2372 θΗἸ
1283 2335 1426 2380 quadn'l
1437 2336 1463 2372 h
