1612 2488
511 86 661 123 menn
681 86 745 125 111.
785 87 888 124 CAP.
914 60 1020 124 34⁶.
1377 87 1435 130 95

89 197 299 241 danorum
321 195 540 239 frumento
565 195 796 252 adgressus
826 195 979 239 urbem
1010 196 1228 239 alimentis
1259 195 1435 239 destitu-

87 259 181 300 tam
211 256 444 312 superauit.

178 315 238 369 [4.
279 314 401 357 Idem
432 319 475 357 et
505 313 710 356 aduersus
739 312 995 357 Himeraeos
1026 313 1180 357 fecisse
1210 313 1396 369 dicitur]

176 374 218 418 5.
258 372 505 416 Alexander
540 375 867 429 oppugnaturus
898 373 1158 416 Leucadiam
1189 374 1436 416 commeati-

86 433 169 477 bus
188 432 476 476 abundantem
501 431 621 487 prius
652 432 844 487 castella,
870 447 979 487 quae
1003 433 1049 475 in
1079 433 1267 475 confinio
1299 435 1436 487 erant,

89 492 204 547 cepit
245 505 479 547 omnesque
521 504 574 532 ex
620 490 691 533 his
733 490 992 534 Leucadiam
1034 506 1189 546 passus
1234 494 1300 534 est
1342 506 1436 534 con·

87 550 264 607 fugere,
309 553 360 593 ut
408 549 612 592 alimenta
653 550 766 592 inter
806 551 968 593 multos
1017 550 1198 594 celerius
1242 551 1436 594 absume·

87 612 250 653 rentur.

178 668 218 711 6.
259 667 458 710 Phalaris
490 667 815 723 Agrigentinus,
846 683 943 710 cum
975 668 1184 725 quaedam
1217 669 1313 712 loca
1343 683 1438 711 mu-

89 727 254 770 nitione
289 728 386 769 tuta
422 726 468 768 in
505 725 656 769 Sicilia
691 730 981 783 oppugnaret,
1019 728 1223 770 simulato
1263 727 1435 771 foedere

89 785 322 840 frumenta,
360 799 468 840 quae
504 785 676 827 residua
711 786 870 828 habere
902 800 948 828 se
980 786 1173 840 dicebat,
1218 787 1331 842 apud
1363 801 1436 829 eos

89 844 306 899 deposuit:
338 843 489 886 deinde
520 843 622 886 data
653 858 803 900 opera,
833 847 883 887 ut
913 859 1106 888 camerae
1137 848 1362 900 tectorum,
1391 846 1437 888 in

91 902 247 959 quibus
276 902 322 945 id
359 902 677 958 conferebatur,
716 903 923 946 rescissae
958 905 1154 959 pluuiam
1184 905 1437 960 reciperent,

90 976 164 1005 eos
202 961 363 1004 fiducia
397 961 560 1004 conditi
591 965 854 1005 commeatus
891 964 1068 1018 proprio
1099 964 1245 1007 tritico
1277 964 1436 1006 abusos

90 1020 216 1064 initio
236 1020 415 1063 aestatis
435 1020 667 1076 adgressus
686 1021 834 1077 inopia
858 1022 1069 1077 compulit
1089 1023 1142 1065 ad
1162 1022 1434 1066 deditionem.

149 1182 195 1220 V.
233 1181 620 1227 QUEMADMODUM
642 1183 1049 1229 PERSUADEATUB‚
1077 1184 1379 1222 OBSIDIONEM

569 1241 951 1280 PERMANSURAM.

182 1337 221 1379 1.
263 1335 495 1380 Clearchus
536 1336 916 1394 Lacedaemonius,
960 1339 1231 1394 exploratum
1270 1340 1437 1384 habens

91 1394 282 1438 Thracas
302 1396 446 1438 omnia
464 1395 599 1439 uictui
618 1397 859 1440 necessaria
876 1398 922 1440 in
947 1400 1116 1440 montes
1142 1401 1438 1454 comportasse

89 1469 258 1511 unaque
284 1469 359 1510 spe
384 1456 629 1510 sustentari,
659 1456 773 1511 quod
798 1457 1019 1500 crederent
1044 1471 1141 1499 eum
1173 1461 1437 1501 commeatus

89 1512 239 1569 inopia
268 1527 546 1569 recessurum,
576 1528 652 1570 per
682 1515 726 1557 id
755 1517 940 1571 tempus,
970 1530 1054 1571 quo
1086 1516 1257 1573 legatos
1289 1531 1438 1560 eorum

89 1574 297 1616 uenturos
322 1572 591 1627 opinabatur,
623 1573 808 1629 aliquem
835 1589 887 1617 ex
912 1575 1097 1630 captiuis
1128 1575 1174 1617 in
1205 1578 1437 1632 conspectu

60 1629 218 1678 ‘iussit
254 1630 390 1672 occidi
427 1633 471 1672 et
505 1632 780 1674 membratim
816 1635 1042 1689 tamquam
1082 1634 1276 1676 alimenti
1308 1649 1438 1677 causa

90 1688 138 1730 in
169 1688 446 1731 contubernia
478 1689 697 1732 distribui:
735 1690 925 1734 Thraces
962 1691 1073 1734 nihil
1103 1706 1193 1734 non
1222 1692 1438 1735 facturum

90 1745 436 1801 persefierantiae
468 1761 597 1791 causa
628 1763 730 1790 eum
756 1750 996 1806 credentes,
1026 1750 1099 1805 qui
1129 1753 1221 1793 tam
1252 1751 1437 1795 detesta-

90 1805 201 1848 biles
227 1805 389 1907 ¹3epulas
431 1806 708 1849 sustinuisset
748 1808 952 1863 experiri,
987 1809 1032 1850 in
1070 1809 1329 1852 deditionem
1369 1825 1438 1854 ue-

90 1878 227 1906 nerun

186 1995 208 2027 8
231 1992 429 2038 amplum
454 1992 631 2028 alienum.-
656 1993 702 2036 οἱ.
725 1993 844 2038 praef.
868 1993 896 2040 5
920 1997 944 2030 9
983 1995 990 2039 Ι
1029 1994 1213 2032 inmereos
1238 1996 1285 2032 H
1308 1997 1314 2042 Ι
1345 2001 1366 2032 6
1392 1996 1438 2033 iis

91 2037 151 2083 ΡΙ
174 2041 194 2072 7
222 2038 502 2074 adsumerentur
526 2039 572 2074 H
601 2039 607 2084 Ι
648 2043 668 2075 9
693 2039 924 2086 agrigentina
950 2041 1009 2077 11¹
1035 2043 1042 2087 Ι
1082 2046 1125 2078 11
1152 2043 1343 2079 sedicebat
1366 2046 1436 2086 (se-

91 2084 1438 2133 diceinras.h)H1120amaraeP114eosno⁸idHutPex

96 2130 209 2167 oud„-
232 2131 437 2169 delentedd.
459 2135 466 2178 Ι
488 2135 626 2169 abusus
639 2134 686 2169 H
689 2134 737 2178 P,
761 2144 854 2171 corr.
867 2135 893 2171 d
914 2135 918 2181 Ι
948 2139 992 2172 15
1011 2137 1172 2173 contulit
1184 2137 1230 2172 H
1235 2138 1282 2179 P,
1300 2148 1392 2173 corr.
1412 2139 1438 2173 d

189 2181 232 2214 16
256 2180 500 2224 persuadetur
516 2181 578 2226 ΡΙ
599 2184 644 2216 20
669 2192 744 2216 una
768 2192 914 2227 quoque
928 2183 975 2218 H
979 2184 1026 2229 P,
1051 2195 1115 2221 em.
1131 2183 1168 2220 G.
1181 2184 1228 2219 F.
1243 2184 1295 2219 W
1314 2185 1436 2220 Muel-

93 2225 145 2260 ler
167 2225 211 2261 in
228 2225 359 2263 Jahrb.
384 2228 412 2271 f.
437 2227 640 2274 Philoloyie
664 2231 797 2272 (1866)
823 2231 883 2274 93,
907 2232 983 2267 488
1004 2232 1010 2275 Ι
1032 2242 1097 2276 spe
1121 2232 1147 2267 d
1171 2242 1240 2276 ope
1261 2230 1370 2275 ΗΡΙ
1392 2235 1436 2266 21

92 2271 192 2352 ί(ξιιοᾱ
210 2272 283 2354 HE
306 2273 313 2320 Ι
357 2277 403 2309 23
427 2274 607 2311 alimenta
632 2275 691 2311 Ηι
723 2275 730 2323 Ι
770 2280 816 2312 24
840 2275 1014 2314 distribui
1038 2279 1063 2313 d
1094 2277 1285 2313 distribuit
1315 2278 1361 2312 H
1366 2277 1404 2312 P
1429 2279 1434 2325 Ι

111 2329 214 2354 races

1463 742 1507 774 10

1462 1035 1506 1068 15

1463 1471 1508 1504 20

1463 1764 1508 1796 25
