1612 2488
87 747 130 779 10

87 1042 129 1074 15

84 1337 128 1369 20

82 1633 127 1664 25

81 1929 126 1960 30

161 94 220 136 40
436 94 535 130 IULI
560 93 795 131 FRONTINI
824 94 1255 133 STRATEGEMATON

161 203 397 246 dictatores
436 201 862 259 Carthaginiensium
900 203 1057 247 cotidie
1101 207 1202 247 ante
1244 206 1340 260 ipsa
1377 207 1516 248 muni-

161 265 308 305 menta
350 262 647 305 Romanorum
692 262 929 319 dirigerent
980 263 1137 318 aciem,
1186 264 1340 320 exigua
1382 279 1515 308 manu

159 322 328 364 leuibus
373 321 549 364 adsidue
586 321 764 377 proeliis
806 337 886 377 pro
924 322 1043 364 uallo
1080 322 1323 366 resistebat.
1384 338 1515 380 quam

159 380 514 423 consuetudinem
540 383 845 423 contemnente
869 382 957 423 iam
983 381 1150 437 Poeno,
1173 382 1351 438 reliquis
1377 384 1514 426 omni-

157 440 239 482 bus
282 454 359 495 per
397 440 584 496 quietem
622 440 737 482 intra
774 440 937 482 uallum
979 441 1268 497 praeparatis,
1306 456 1358 484 ex
1394 455 1514 485 more

156 499 342 555 pristino
374 513 471 542 cum
502 499 651 555 paucis
690 499 951 542 sustentauit
986 499 1212 542 incursum
1247 500 1512 544 aduersario-

156 573 254 601 rum
293 573 344 602 ac
376 559 504 601 solito
543 558 704 601 diutius
743 558 946 601 detinuit:
986 558 1139 614 quibus
1177 559 1377 615 fatigatis
1412 561 1516 616 post

157 620 327 660 sextam
363 618 516 661 horam
555 619 598 659 et
635 617 722 660 iam
761 632 806 660 se
843 617 1169 673 recipientibus,
1211 619 1289 671 [et]
1324 633 1419 661 cum
1450 619 1513 661 in-

157 676 252 719 edia
296 691 467 733 quoque
511 677 784 730 laborarent,
826 690 904 732 per
946 679 1141 720 recentes
1185 691 1286 720 suos
1330 678 1515 734 hostem,

157 750 284 791 quem
315 736 536 792 praedicta
566 736 908 792 profligauerant
937 736 1228 791 incommoda,
1258 736 1444 792 fugauit.

238 795 286 838 15.
316 795 561 851 Iphicrates
587 794 882 850 Atheniensis,
911 795 1012 850 quia
1038 795 1340 850 explorauerat
1363 795 1513 838 eodem

156 853 335 897 adsidue
366 856 562 910 tempore
593 853 743 896 hostes
775 854 920 897 cibum
952 868 1121 910 capere,
1152 855 1364 898 maturius
1395 855 1513 898 uesci

157 927 256 956 suos
300 914 427 956 iussit
464 916 507 956 et
545 913 692 956 eduxit
729 914 773 955 in
812 912 949 956 aciem
993 927 1300 970 egressumque
1342 914 1514 956 hostem

155 972 218 1014 ita
263 972 464 1026 detinuit,
507 975 556 1014 ut
594 972 632 1014 ei
668 987 806 1027 neque
844 972 1105 1027 confligendi
1148 986 1288 1028 neque
1326 972 1513 1015 abeundi

156 1031 279 1074 daret
328 1031 592 1074 facultatem.
653 1031 859 1074 inclinato
904 1031 1055 1073 deinde
1098 1032 1187 1074 iam
1231 1031 1300 1074 die
1341 1032 1513 1075 reduxit

157 1105 257 1133 suos
291 1093 334 1133 et
363 1090 648 1133 nihilominus
679 1090 725 1132 in
757 1091 887 1132 armis
918 1090 1111 1133 retinuit.
1158 1090 1334 1146 fatigati
1363 1090 1512 1133 hostes

154 1164 244 1192 non
276 1151 463 1193 statione
495 1150 635 1205 magis
669 1164 798 1204 quam
822 1149 967 1191 inedia
993 1149 1144 1192 statim
1171 1149 1224 1191 ad
1251 1163 1397 1191 curam
1421 1163 1512 1192 cor·

153 1209 272 1264 poris
318 1211 361 1251 et
401 1209 546 1251 cibum
590 1209 847 1263 capiendum
891 1208 1226 1251 festinauerunt:
1268 1208 1512 1263 Iphicrates

153 1282 302 1310 rursus
357 1268 504 1311 eduxit
553 1270 597 1310 et
645 1267 924 1322 incompositi
973 1267 1114 1310 hostis
1165 1267 1394 1323 adgressus
1445 1269 1513 1310 est

155 1329 310 1370 castra.

247 1386 285 1429 6.
328 1386 468 1442 Idem,
512 1400 610 1428 cum
654 1384 860 1428 aduersus
903 1385 1269 1428 Lacedaemonios
1312 1384 1511 1440 pluribus

155 1445 305 1487 diebus
333 1447 476 1488 castra
500 1444 742 1488 comminus
774 1444 955 1486 haberet
981 1446 1024 1486 et
1049 1446 1229 1499 utraque
1253 1458 1355 1499 pars
1381 1444 1510 1486 certis

153 1504 423 1559 temporibus
445 1503 621 1547 adsidue
645 1503 904 1559 pabulatum
923 1502 1225 1558 lignatumque
1243 1502 1512 1558 procederet,

155 1563 343 1618 quodam
368 1563 435 1605 die
461 1563 650 1605 militum
674 1562 829 1604 habitu
855 1575 1001 1604 seruos
1033 1562 1228 1616 lixasque
1260 1560 1424 1604 dimisit
1455 1560 1511 1603 ad

153 1636 351 1678 munera,
375 1622 535 1665 milites
560 1621 757 1664 retinuit:
789 1623 834 1663 et
858 1635 955 1663 cum
979 1620 1129 1663 hostes
1156 1620 1340 1676 dispersi
1365 1622 1512 1663 essent

154 1681 209 1724 ad
243 1682 402 1724 similia
433 1696 630 1737 munera,
662 1679 928 1736 expugnauit
958 1681 1102 1722 castra
1132 1694 1281 1722 eorum
1305 1679 1510 1722 inermes·

153 1755 234 1796 que
279 1755 376 1784 cum
419 1740 637 1784 fasciculis
677 1739 841 1795 passim
879 1738 933 1782 ad
969 1738 1205 1781 tumultum
1241 1739 1510 1782 recurrentes

153 1800 279 1842 facile
311 1802 387 1842 aut
418 1799 574 1843 occidit
606 1801 681 1842 aut
713 1798 838 1855 cepit.
888 1845 893 1850 Χ

245 1859 282 1900 7.
325 1858 559 1915 Verginius
605 1858 756 1901 consul
798 1858 845 1899 in
882 1856 1072 1909 Volscis,
1116 1870 1213 1899 cum
1258 1869 1510 1911 procurrere

151 1917 300 1960 hostes
333 1917 463 1959 effuse
496 1932 547 1959 ex
578 1917 819 1973 longinquo
851 1915 1052 1971 uidisset,
1084 1915 1301 1970 quiescere
1333 1928 1433 1956 suos
1460 1928 1509 1956 ac

253 2013 271 2044 1
300 2009 473 2044 ductores
496 2009 589 2045 Oud.
614 2011 618 2053 Ι
642 2007 999 2054 carthaginiensium
1023 2008 1155 2050 (altera
1179 2006 1193 2041 i
1217 2007 1416 2051 eaepwrwta)
1437 2005 1484 2042 H
1502 2005 1507 2052 Ι

152 2060 175 2091 4
201 2055 469 2093 consuetudine
495 2056 540 2091 H
563 2056 568 2101 1
598 2060 618 2091 5
644 2056 742 2091 inter
767 2055 813 2091 H
830 2058 836 2100 Ι
871 2058 892 2090 8
919 2055 957 2090 et
981 2055 1099 2090 ἀεῖσαι·
1124 2065 1207 2089 cum
1232 2054 1271 2088 et
1296 2053 1374 2090 edd.
1404 2054 1410 2098 Ι
1445 2063 1509 2087 cu-

152 2103 287 2140 maeda
311 2103 358 2138 H
377 2107 462 2139 ante
486 2114 578 2139 corn
614 2104 619 2148 1
654 2107 674 2138 9
702 2101 862 2138 recentis
888 2102 947 2145 ΡΙ
984 2105 1026 2137 13
1055 2111 1324 2147 aggressusque
1349 2100 1388 2136 P
1417 2102 1422 2145 Ι
1464 2102 1510 2135 14

151 2150 318 2187 habendi
342 2150 389 2185 H
417 2152 423 2193 Ι
466 2154 508 2186 17
535 2149 672 2185 inaeda
697 2150 756 2184 H¹
784 2151 789 2193 Ι
825 2153 868 2185 19
893 2160 1017 2184 rursus
1045 2158 1128 2183 suos
1154 2147 1319 2184 Eussner
1341 2148 1346 2192 Ι
1379 2147 1510 2182 incon-

152 2197 447 2245 spectulsslpositi
474 2199 560 2241 (con
585 2199 744 2241 erasum)
772 2197 818 2232 H
845 2197 851 2241 1
884 2199 929 2231 23
961 2195 1196 2241 ligatumque
1221 2194 1281 2229 Η1
1314 2196 1320 2239 Ι
1360 2198 1406 2230 25
1437 2193 1510 2230 dis-

150 2246 252 2291 persi
277 2246 400 2282 essent
418 2245 461 2281 d:
486 2245 532 2288 οῖ’.
549 2255 588 2289 p.
611 2245 736 2287 42,28
768 2242 1033 2289 dispersissent
1051 2242 1096 2277 H
1117 2241 1274 2287 dispersi
1303 2240 1422 2278 issent
1439 2241 1477 2277 P

153 2298 198 2328 26
223 2291 452 2337 inermisque
474 2292 510 2326 P
530 2293 535 2336 Ι
569 2294 614 2326 30
641 2290 757 2326 effusa
783 2291 842 2335 H,
867 2290 1009 2326 correxi
1034 2289 1170 2324 effusos
1189 2287 1250 2332 ΡΙ
1272 2288 1431 2325 uidisset
1497 2314 1509 2331 ,

151 2341 212 2376 sed
239 2341 303 2376 alt.
330 2340 343 2375 i
368 2341 410 2376 in
433 2349 505 2375 ras.
531 2339 555 2374 h
