1612 2488
179 93 235 135 22
453 92 555 128 mm
579 91 818 129 FRONTINI
844 91 1274 131 STRATEGEMATON

177 202 352 253 collem,
385 215 435 243 ex
467 215 551 256 quo
584 216 695 244 unus
728 202 782 244 ad
815 202 1121 257 opprimendos
1151 202 1272 258 ipsos
1303 203 1534 247 descensus

177 263 289 313 erat,
319 263 446 303 nocte
470 260 620 316 paucis
645 260 763 303 intra
789 264 932 304 castra
957 261 1119 304 relictis
1145 262 1378 318 imperauit
1385 296 1396 318 ,
1428 263 1535 306 mul-

176 324 246 364 tos
291 319 414 375 ignes
457 319 671 375 facerent,
721 320 959 376 eductoque
1003 321 1192 364 exercitu
1235 323 1279 364 et
1321 322 1533 378 disposito

177 381 289 423 circa
326 379 466 422 latera
502 379 749 435 praedictae
786 380 883 422 uiae
919 395 1075 436 passus
1113 383 1181 423 est
1216 382 1401 424 transire
1438 382 1533 424 bar-

130 448 150 480 5
177 440 325 482 baros:
367 438 645 495 locorumque
683 439 930 494 iniquitate,
967 440 1014 481 in
1046 454 1130 495 qua
1166 441 1260 496 ipse
1290 440 1450 496 fuerat,
1487 441 1534 483 in

174 499 272 542 illos
318 512 542 552 conuersa,
585 500 711 554 parte
755 499 965 578 exercitus
1009 501 1133 555 terga
1177 514 1324 543 eorum
1370 474 1534 556 cecidit,

173 560 296 614 parte
329 560 474 600 castra
505 559 631 612 cepit.

264 617 334 661 25.
365 616 541 668 Darius,
574 619 622 659 ut
653 616 827 660 falleret
853 615 1035 673 Scythas
1067 617 1276 674 discessu,
1309 632 1435 661 canes
1468 621 1534 661 at-

175 691 255 733 que
301 676 445 719 asinos
490 677 536 718 in
580 677 737 719 castris
780 676 971 732 reliquit:
1021 690 1128 732 quos
1173 691 1270 720 cum
1319 678 1532 720 latrantes

106 747 149 779 10
174 736 463 791 rudentesque
515 735 655 778 hostis
707 735 893 791 audiret,
948 750 1171 779 remanere
1212 736 1392 780 Darium
1444 751 1532 780 cre-

175 795 297 838 didit.

263 854 333 897 26.
364 852 562 896 Eundem
595 867 784 897 errorem
811 854 1021 897 obiecturi
1052 855 1216 898 nostris
1241 854 1427 911 Ligures·
1454 870 1532 912 per

174 914 345 956 diuersa
382 913 478 955 loca
516 913 698 957 buculos
736 914 902 969 laqueis
936 914 991 956 ad
1023 914 1198 957 arbores
1230 914 1532 971 alligauerunt,

173 973 246 1028 qui
278 972 440 1014 diducti
472 972 764 1027 frequentiore
798 974 968 1029 mugitu
1000 974 1185 1028 speciem
1217 974 1531 1017 remanentium

105 1043 148 1075 15
173 1031 442 1089 praebebant
472 1030 675 1074 hostium.

262 1091 330 1134 27.
375 1089 552 1145 Hanno,
591 1092 646 1133 ab
678 1091 879 1133 hostibus
913 1092 1103 1146 clausus,
1134 1092 1278 1134 locum
1309 1092 1528 1146 eruptioni

173 1150 360 1193 maxime
386 1152 536 1204 aptum
563 1150 753 1206 adgestis
780 1150 948 1192 leuibus
975 1150 1169 1192 materiis
1194 1149 1403 1193 incendit:
1434 1154 1527 1194 tum

171 1209 297 1252 hoste
337 1208 390 1251 ad
422 1211 587 1251 ceteros
627 1209 766 1252 exitus
804 1209 1108 1252 custodiendos
1147 1211 1329 1253 auocato
1367 1210 1527 1252 milites

170 1283 247 1324 per
294 1269 436 1324 ipsam
485 1268 705 1310 flammam
756 1268 920 1324 eduxit,
971 1268 1216 1311 admonitos
1261 1283 1337 1311 ora
1381 1269 1527 1324 scutis,

102 1338 149 1371 20
175 1343 300 1371 crura
331 1330 452 1370 ueste
485 1330 722 1384 contegere.

263 1387 329 1430 28.
371 1385 613 1442 Hannibal,
651 1389 699 1429 ut
729 1386 1005 1442 iniquitatem
1036 1386 1230 1430 locorum
1262 1389 1305 1429 et
1335 1387 1530 1442 inopiam

171 1446 363 1489 instante
389 1445 525 1488 Fabio
551 1445 743 1488 Maximo
771 1446 995 1501 effugeret,
1026 1448 1157 1488 noctu
1188 1446 1340 1501 boues,
1372 1446 1529 1501 quibus

172 1505 227 1548 ad
251 1520 414 1548 cornua
438 1504 670 1547 fasciculos
698 1504 960 1561 alligauerat
985 1507 1321 1560 sarmentorum,
1334 1505 1528 1548 subiecto

172 1565 274 1620 igne
313 1564 500 1619 dimisit;
540 1579 719 1620 cumque
758 1564 852 1619 ipso
892 1566 1015 1607 motu
1053 1564 1323 1607 adolescente
1354 1563 1529 1606 flamma

101 1635 146 1667 25
171 1624 418 1666 turbaretur
443 1637 585 1679 pecuS,
611 1636 771 1678 magna
799 1623 1111 1666 discursatione
1137 1625 1319 1676 montes,
1349 1623 1397 1665 in
1421 1637 1528 1679 quos

171 1686 316 1726 actum
354 1686 462 1736 erat,
502 1683 802 1725 conlustrauit.
858 1681 1062 1737 Romani,
1100 1682 1173 1738 qui
1212 1682 1267 1725 ad
1307 1682 1530 1737 speculan-

173 1742 272 1784 dum
302 1745 621 1798 concurrerant,
645 1742 787 1797 primo
812 1741 1059 1797 prodigium
1085 1741 1252 1797 opinati
1277 1744 1396 1796 sunt3
1429 1740 1529 1783 dein

171 1815 268 1843 cum
308 1804 426 1843 certa
457 1800 593 1843 Fabio
631 1801 972 1855 renuntiassent,
1009 1801 1085 1842 ille
1121 1800 1379 1843 insidiarum
1410 1802 1530 1842 metu

173 1874 272 1902 suos
307 1860 460 1902 castris
499 1860 732 1903 continuit:
776 1860 953 1903 barbari
998 1859 1235 1902 obsistente
1271 1859 1391 1901 nullo
1428 1873 1529 1913 pro-

100 1931 145 1963 30
169 1919 275 1961 fecti
307 1921 418 1960 sunt.

269 2051 287 2082 1
309 2047 483 2082 decessus
498 2046 543 2081 H
547 2046 557 2066 ¹
579 2048 584 2091 Ι
606 2050 627 2081 2
647 2047 766 2083 multo
786 2047 903 2100 fignes
917 2046 975 2081 H¹
998 2047 1003 2091 Ι
1025 2050 1047 2082 4
1066 2045 1260 2092 praedicta
1271 2045 1369 2088 ΗΡ,
1394 2055 1455 2080 em.
1471 2045 1496 2081 d

172 2098 193 2130 5
219 2095 302 2140 ipsa
327 2094 373 2130 H
391 2096 395 2139 ι
432 2098 452 2129 '7
480 2093 579 2138 cepit
601 2094 718 2139 Gupeo
742 2093 834 2130 fecit
853 2093 940 2129 ΗΡ
960 2094 965 2138 Ι
999 2096 1021 2128 8
1047 2093 1188 2128 Dareus
1208 2093 1254 2137 P,
1277 2093 1361 2128 item
1385 2092 1491 2135 infra

175 2146 219 2178 10
245 2142 363 2178 hostis
383 2141 437 2185 H,
461 2142 523 2176 sed
547 2140 560 2174 i
585 2141 628 2176 in
646 2152 718 2177 ras.
739 2142 759 2176 h
784 2146 789 2185 Ι
814 2145 856 2176 12
882 2140 1053 2187 Ligures]
1081 2139 1219 2175 Silures
1242 2120 1303 2174 'De
1290 2139 1337 2175 d.
1362 2141 1366 2183 Ι
1391 2142 1434 2174 13
1459 2138 1526 2175 bu-

101 2197 103 2199 ’
173 2190 277 2225 culos
302 2190 327 2225 d
350 2188 557 2224 bucabulos
571 2188 658 2223 ΗΡ
678 2187 838 2224 bubalos
863 2188 943 2224 edd.
967 2190 971 2228 Ι
995 2191 1039 2222 14
1065 2186 1275 2222 deduct1H
1281 2187 1325 2229 P
1351 2197 1414 2222 em.
1431 2186 1525 2223 oud.

173 2237 275 2272 edito
295 2236 401 2272 Stew.
425 2238 430 2279 Ι
454 2239 497 2271 17
518 2246 602 2270 cum
622 2235 716 2278 ΗΡ,
736 2246 798 2271 em
820 2236 844 2271 d
866 2238 871 2279 Ι
894 2239 939 2270 24
957 2233 1041 2287 ipse
1058 2234 1104 2269 H
1121 2235 1126 2279 Ι
1148 2234 1385 2270 adulescente
1398 2233 1522 2281 H¹P1

173 2288 219 2319 27
244 2283 378 2320 deinde
404 2284 429 2320 d
455 2285 460 2328 Ι
495 2286 540 2318 28
565 2282 630 2318 ille
656 2282 702 2317 de
728 2283 752 2318 d
780 2285 784 2327 Ι
817 2286 860 2318 29
885 2280 1043 2326 proiecti
1069 2281 1115 2316 H
