1612 2488
1171 69 1201 90 A

550 113 695 151 LIBER
720 114 764 150 11.
802 113 904 150 CAP.
930 118 964 150 3.
1375 113 1434 155 49

87 225 324 269 certamine
366 222 531 266 diduxit
572 222 745 266 ordines
788 222 892 277 <et>
936 237 962 265 a
1005 222 1215 265 lateribus
1259 222 1437 264 circum·

90 286 244 327 uentos
274 297 348 326 eos
378 281 503 325 fudit.

180 342 248 385 13.
266 340 452 384 Gastron
470 340 847 395 Lacedaemonius,
865 354 963 382 cum
983 339 1066 393 [in]
1087 339 1251 382 auxilio
1265 339 1437 396 Aegyp-

88 401 163 444 tiis
193 400 398 443 'aduersus
422 399 577 442 Persas
607 399 799 442 uenisset
830 402 874 441 et
903 399 1049 454 sciret,
1083 398 1317 441 firmiorem
1343 412 1436 440 esse

91 459 304 503 Graecum
341 459 524 501 militem
561 459 783 513 magisque
814 472 840 500 a
870 457 1014 500 Persis
1049 457 1211 513 timeri,
1248 471 1438 500 commu·

91 519 197 561 tatis
229 518 362 561 armis
387 517 574 560 Graecos
605 517 651 559 in
681 517 822 572 prima
851 516 999 571 posuit
1030 516 1122 559 acie
1153 519 1215 570 et,
1247 530 1344 558 cum
1375 515 1439 558 illi

93 590 228 632 aequo
245 575 387 619 Marte
410 578 666 632 pugnarent,
693 575 893 618 submisit
911 575 1227 631 Aegyptiorum
1246 589 1439 618 manum:

92 635 249 678 Persae
279 650 375 678 cum
409 634 599 688 Graecis,
630 649 737 690 quos
762 634 1004 690 Aegyptios
1037 634 1345 690 opinabantur,
1376 647 1440 675 re-

93 694 329 748 stitissent‚
364 693 693 749 superueniente
730 693 1025 748 multitudine,
1062 707 1191 748 quam
1228 695 1277 734 ut
1308 692 1440 735 Grae-

93 767 252 855 eomllg.
273 754 945 866 efflassdffgeiggsissnfflliania,
982 811 1083 865 quia
1114 810 1261 852 hostes
1294 814 1337 852 et
1366 825 1442 852 nu-

94 884 212 913 mero
243 873 288 912 et
313 870 511 925 equitatu
540 869 868 924 praeualebant,
897 869 1018 911 iuxta
1048 869 1202 911 collem
1233 870 1279 910 in
1311 882 1442 924 angu-

95 929 190 971 stiis
231 931 460 984 protegere
502 929 668 983 galeas,
715 941 770 970 ne
817 927 987 983 fulgore
1032 942 1178 970 earum
1222 928 1443 983 conspicui

96 987 267 1042 fierent,
311 987 439 1030 iussit
479 987 719 1042 (pedites),
762 987 927 1042 equites
961 986 1124 1036 >deinde
1167 986 1215 1028 in
1259 1001 1441 1042 aequum

96 1045 326 1101 procedere
351 1060 401 1088 ac
425 1046 545 1088 uelut
570 1045 850 1101 praetendere
874 1045 1109 1101 peditibus,
1139 1046 1443 1101 praecepitque

97 1105 176 1160 eis,
218 1107 270 1147 ut
306 1104 360 1147 ad
395 1105 580 1159 primum
616 1104 827 1159 impetum
870 1104 1062 1146 hostium
1102 1104 1349 1160 refugerent
1390 1108 1445 1159 et,

99 1164 230 1206 simul
260 1163 314 1206 ad
344 1163 512 1218 pedites
544 1165 721 1205 uentum
753 1165 885 1218 esset,
919 1164 965 1205 in
995 1163 1132 1205 latera
1163 1163 1445 1206 discederent:

98 1222 213 1277 quod
236 1222 311 1264 ubi
339 1222 586 1277 explicitum
612 1225 690 1276 est,
714 1221 933 1277 patefacto
958 1222 1055 1264 loco
1082 1222 1226 1264 subita
1250 1221 1446 1277 peditum

98 1280 363 1323 consurrexit
393 1282 505 1322 acies
535 1281 812 1336 inuectosque
842 1283 1002 1323 temere
1038 1281 1187 1323 hostes
1219 1281 1445 1336 inopinato

98 1339 310 1382 interfusa
339 1339 502 1393 proelio
534 1339 699 1381 cecidit.

190 1398 256 1440 15.
287 1396 344 1440 M.
364 1398 582 1440 Antonius
609 1398 814 1440 aduersus
833 1397 1034 1452 Parthos,
1059 1398 1134 1453 qui
1151 1398 1324 1440 infinita
1342 1398 1446 1439 mul·

99 1456 282 1498 titudine
301 1456 558 1511 sagittarum
581 1457 814 1499 exercitum
840 1457 931 1499 eius
951 1457 1205 1511 obruebant,
1224 1456 1447 1499 subsidere

101 1529 201 1558 suos
238 1517 282 1557 et
311 1515 572 1557 testudinem
607 1516 749 1558 facere
786 1516 932 1558 iussit:
971 1530 1103 1570 supra
1140 1530 1269 1571 quam
1305 1518 1448 1557 trans-

101 1573 244 1615 missis
277 1574 450 1629 sagittis
477 1575 568 1616 sine
593 1575 780 1616 militum
804 1589 919 1617 noxa
944 1574 1179 1617 exhaustus
1206 1577 1272 1616 est
1296 1574 1449 1617 hostis.

192 1632 260 1674 16.
297 1631 519 1675 Hannibal
558 1633 763 1675 aduersus
795 1632 1039 1688 Scipionem
1068 1633 1115 1674 in
1146 1633 1313 1687 Africa,
1352 1647 1449 1675 cum

102 1689 283 1731 haberet
320 1692 554 1733 exercitum
586 1705 638 1733 ex
667 1691 825 1733 Poenis
856 1695 899 1733 et
931 1692 1231 1746 auxiliaribus,
1269 1706 1450 1746 quorum

105 1761 205 1802 pars
242 1762 330 1790 non
368 1749 508 1790 solum
546 1764 598 1791 ex
635 1749 815 1791 diuersis
852 1750 1067 1804 partibus,
1111 1750 1186 1792 sed
1229 1750 1360 1791 etiam
1398 1764 1450 1791 ex

103 1806 265 1848 Italicis
292 1808 530 1860 constabat,
554 1811 655 1862 post
681 1807 935 1863 elephantos
954 1807 1124 1862 LXXX,
1145 1808 1218 1863 qui
1242 1808 1288 1849 in
1311 1809 1450 1863 prima

103 1864 247 1907 fronte
278 1865 411 1920 positi
443 1866 633 1908 hostium
659 1866 886 1908 turbarent
911 1867 1064 1920 aciem,
1096 1866 1328 1909 auxiliares
1353 1866 1451 1909 Gal-

201 1974 219 2004 1
246 1969 402 2005 deduxit
426 1969 472 2005 H
500 1971 506 2014 Ι
540 1971 579 2005 et
602 1970 688 2006 add.
713 1970 738 2006 d
771 1971 776 2013 Ι
815 1973 836 2005 3
863 1969 1078 2005 Castronius
1105 1970 1239 2014 CHP,
1270 1981 1362 2007 corr.
1385 1970 1451 2007 Ga-

106 2015 208 2052 saub.
227 2027 271 2052 em
287 2016 463 2062 Polyaen.
477 2020 516 2060 2,
529 2020 578 2052 16
600 2019 605 2058 Ι
626 2016 666 2052 in
687 2017 754 2052 del.
771 2016 882 2052 Tenn.
908 2017 948 2052 in
973 2017 1152 2053 auxilium
1177 2019 1254 2054 edd.
1278 2019 1284 2063 Ι
1305 2022 1326 2053 5
1353 2029 1376 2053 a
1395 2018 1452 2064 Ρ.]

106 2073 232 2107 persas
258 2063 304 2098 H
326 2063 331 2108 Ι
363 2067 384 2099 8
410 2064 450 2098 et
474 2075 557 2099 cum
576 2063 623 2099 H
645 2066 650 2106 Ι
685 2067 706 2098 9
732 2064 1052 2109 superuenientem
1075 2064 1357 2101 multitudinem
1376 2065 1423 2101 H
1450 2099 1451 2107 ,

110 2112 148 2143 11
178 2109 217 2144 et
240 2120 276 2143 n.
302 2110 355 2156 et]
381 2110 572 2146 innumero
598 2111 623 2146 d
650 2114 655 2152 Ι
689 2112 729 2146 et
751 2111 918 2155 peditum
940 2123 1094 2147 numero
1120 2112 1255 2148 Hartel
1281 2114 1286 2156 l
1322 2115 1366 2146 14
1390 2122 1453 2157 pe-

108 2154 205 2207 dites
222 2157 341 2202 suppl.
365 2157 479 2193 Oud..·
502 2158 548 2201 cf.
563 2169 603 2203 p.
624 2159 767 2202 47‚22;
791 2169 842 2193 an
864 2158 940 2202 fuit
962 2158 1002 2194 in
1026 2159 1208 2205 angustiis
1234 2157 1454 2206 <subsidere

108 2201 254 2246 pedites
273 2204 312 2238 et
330 2203 474 2252 scutis>
492 2207 688 2250 protegere
709 2225 752 2230 —
772 2204 898 2249 iussit,
918 2205 1061 2251 equites
1079 2206 1157 2242 coll.
1171 2205 1286 2241 Dion.
1300 2208 1394 2248 3734
1406 2205 1426 2240 .9
1448 2206 1452 2251 ι

111 2251 155 2283 15
180 2250 334 2293 praeten
353 2250 411 2286 H¹
432 2252 438 2295 1
462 2255 506 2287 18
525 2251 742 2297 explicitum
761 2252 839 2288 edd.
865 2252 1096 2298 displicitum
1110 2253 1195 2288 ΗΡ
1213 2254 1219 2297 Ι
1239 2255 1285 2287 24
1305 2253 1455 2287 exustus

111 2294 157 2330 H
185 2296 191 2339 Ι
224 2299 267 2348 2⁵3
286 2296 475 2349 partibus]
499 2298 648 2344 populis
672 2299 786 2335 Ded..-
810 2310 860 2334 cm
884 2300 1057 2345 gentibus
1076 2299 1097 2335 ,9
1123 2301 1169 2343 cf.
1189 2300 1276 2334 Liu.
1296 2301 1358 2343 30,
1377 2302 1426 2335 35
1448 2300 1451 2336 Ι

111 2345 156 2376 28
180 2342 320 2377 1tahcls
346 2344 416 2386 (cis
439 2345 481 2380 in
505 2356 578 2381 ras.
598 2346 637 2389 h)
658 2346 704 2381 H

181 2407 366 2436 raon-urus
386 2409 432 2435 ed.
451 2409 673 2436 Gundermann.
1222 2409 1243 2439 4

1470 762 1511 793 10

1471 1056 1515 1087 15

1471 1350 1516 1381 ‘20

1475 1643 1519 1674 25
