1612 2488
133 718 177 751 10

134 1015 177 1046 15

134 1429 179 1461 20

139 1723 183 1756 25

201 65 260 108 84
475 64 577 101 IULI
601 64 836 102 FRONTINI
862 65 1296 103 STRATEGEMATON

202 172 390 216 reddidit
430 174 690 229 insuperque
734 188 904 228 aurum,
942 173 1055 229 quod
1092 176 1292 229 parentes
1329 175 1422 218 eius
1464 175 1560 219 red·
1610 185 1612 187 ’

203 233 391 289 empturi
433 233 655 289 captiuam
692 232 851 275 donum
889 231 1081 288 Scipioni
1117 233 1376 289 adtulerat,
1421 234 1561 278 eidem

204 307 364 347 sponso
384 306 465 347 pro
485 292 672 348 nuptiali
692 305 867 335 munere
886 292 1021 335 dedit:
1041 307 1127 348 qua
1142 293 1375 348 multiplici
1393 294 1562 350 magni-

201 352 375 394 ficentia
412 351 616 394 uniuersa
655 365 760 408 gens
802 352 918 394 uicta
962 351 1143 407 imperio
1185 352 1338 408 populi
1372 352 1562 396 Romani

203 411 399 454 accessit.

294 470 352 524 [6.
396 469 695 512 Alexandrum
727 484 898 525 quoque
928 469 1210 513 Macedonem
1251 470 1460 514 traditum
1496 473 1564 514 est

203 530 386 572 eximiae
418 529 755 584 pulchritudinis
786 529 948 585 uirgini
976 529 1193 585 captiuae,
1225 543 1321 573 cum
1351 529 1562 573 finitimae

203 589 347 645 gentis
388 588 578 644 principi
615 588 771 630 fuisset
808 588 1039 644 desponsa,
1083 603 1254 631 summa
1296 589 1563 633 abstinentia

203 648 268 690 ita
294 648 551 704 pepercisse,
570 649 620 689 ut
643 647 766 690 illam
791 662 847 690 ne
873 647 1118 703 adspexerit
1144 647 1333 704 quidem:
1352 663 1437 704 qua
1460 663 1562 692 mox

205 707 260 750 ad
292 721 500 763 sponsum
537 707 737 761 remissa,
774 707 1004 750 uniuersae
1043 707 1185 763 gentis
1215 722 1294 763 per
1323 707 1407 751 1100
1439 708 1563 751 bene-

203 766 351 809 ficium
384 766 552 809 animos
585 766 836 809 conciliauit
867 766 981 820 sibi.]

297 827 334 869 7.
367 825 613 881 Imperator
633 823 792 868 Caesar
810 824 1036 881 Augustus
1056 824 1338 869 Germanicus
1360 839 1411 869 eo
1435 826 1564 881 bello,

206 899 291 940 quo
324 885 453 927 uictis
484 884 684 928 hostibus
717 898 957 941 cognomen
983 883 1229 927 Germanici
1258 884 1435 940 meruit,
1466 899 1564 928 cum

205 945 252 986 in
289 944 447 987 finibus
482 942 720 987 Cubiorum
757 944 937 986 castella
978 945 1175 999 poneret,
1224 958 1305 1000 pro
1349 943 1563 988 fructibus

205 1004 416 1058 locorum,
461 1018 571 1059 quae
614 1003 730 1046 uallo
762 1002 1173 1058 comprehendebat,
1222 1003 1409 1059 pretium
1451 1003 1564 1046 solui

204 1063 351 1106 iussit:
372 1064 502 1118 atque
522 1063 586 1105 ita
605 1062 797 1105 iustitiae
816 1062 935 1105 fama
956 1062 1150 1105 omnium
1170 1061 1299 1105 fidem
1318 1062 1552 1105 adstrinxit

203 1202 284 1238 XII.
329 1202 460 1246 QUAE
497 1201 744 1237 FACIENDA
779 1201 889 1237 SINT
923 1201 1019 1237 PRO
1056 1200 1351 1238 CASTRORUM
1383 1200 1565 1237 DEFEN-

205 1260 365 1307 SIONE,
402 1262 445 1298 SI
481 1259 616 1299 SATIS
650 1260 880 1296 FIDUCIAE
916 1260 968 1296 IN
1003 1259 1373 1297 PRAESENTIBUS
1409 1259 1564 1297 COPIIS

679 1319 783 1356 NON
808 1319 1087 1355 HABEAMUS.

299 1417 334 1458 1.
378 1415 426 1459 T.
455 1415 658 1466 Quintius
690 1417 861 1471 consul,
893 1430 990 1458 cum
1016 1415 1165 1459 Volsci
1195 1418 1339 1459 castra
1370 1416 1462 1459 eius
1495 1416 1565 1459 ad-

209 1475 462 1532 gress<ur>i
502 1475 664 1529 forent,
707 1475 929 1518 cohortem
969 1475 1271 1517 tantummodo
1301 1475 1348 1517 in
1379 1475 1566 1518 statione

210 1534 417 1589 detinuit,
453 1534 666 1590 reliquum
699 1534 934 1577 exercitum
966 1533 1020 1575 ad
1053 1533 1354 1589 quiescendum
1387 1534 1566 1577 dimisit.

210 1593 514 1636 aeneatoribus
539 1593 772 1649 praecepit,
803 1596 852 1635 ut
890 1593 1054 1635 uallum
1075 1592 1314 1636 insidentes
1341 1594 1461 1648 equis
1486 1593 1566 1636 cir-

211 1653 425 1695 cumirent
451 1653 830 1707 concinerentque:
858 1667 942 1707 qua
966 1651 1077 1694 facie
1098 1654 1141 1694 et
1167 1651 1444 1695 simulatione
1470 1666 1566 1695 cum

212 1715 256 1755 et
275 1712 577 1767 propulsasset
602 1714 646 1754 et
671 1712 926 1754 detinuisset
951 1726 1028 1766 per
1052 1713 1191 1754 totam
1210 1713 1382 1754 noctem
1405 1711 1566 1767 hostes,

213 1772 266 1814 ad
296 1772 402 1814 lucis
429 1774 628 1814 exortum
660 1771 796 1814 fessos
822 1771 975 1827 uigilia
1000 1772 1174 1825 repente
1198 1770 1315 1813 facta
1340 1770 1565 1826 eruptione

210 1831 337 1872 facile
370 1830 604 1885 superauit.

306 1939 326 1969 2
354 1935 475 1969 eidem
499 1934 537 1970 P
561 1936 598 1971 et
623 1933 724 1970 idem
753 1933 861 1981 GH!
890 1938 911 1970 3
937 1933 1026 1978 quia
1053 1933 1153 1969 GH¹
1176 1934 1181 1978 Ι
1210 1937 1231 1969 6
1256 1933 1457 1979 amplum
1480 1932 1569 1970 alie-

209 1993 317 2018 num.-
342 1981 388 2025 cf.
398 1983 520 2026 praef.
534 1982 562 2027 ἕ
576 1985 599 2018 9
621 1984 626 2026 Ι
647 1981 895 2018 macedonum
923 1980 958 2016 G
978 1981 985 2027 Ι
1017 1985 1037 2017 ’1
1062 1979 1231 2026 uirginae
1255 1979 1299 2015 H
1317 1980 1323 2025 Ι
1345 1979 1498 2026 captiua
1514 1981 1539 2017 h
1560 1980 1566 2028 Ι

212 2033 233 2065 8
259 2029 485 2074 desponsata
509 2029 599 2074 721³}
631 2033 651 2064 9
677 2029 889 2082 percepisse
915 2028 972 2064 H¹
998 2027 1165 2074 pcepisse
1190 2028 1214 2063 h
1235 2028 1240 2071 1
1265 2030 1307 2062 12
1333 2026 1570 2064 Domitianus

212 2077 299 2113 add.
317 2076 343 2112 d
364 2079 369 2120 Ι
394 2079 438 2111 14
463 2076 502 2110 in
528 2087 594 2112 om.
615 2077 661 2111 H
677 2078 682 2121 Ι
714 2077 908 2112 cubiorum
937 2075 1023 2111 GH
1029 2075 1065 2110 P
1090 2075 1265 2110 Ubiorum
1292 2074 1394 2112 Mod.
1419 2074 1569 2121 Usipio-

213 2136 298 2159 rum
326 2123 417 2159 Oud.
446 2121 640 2158 Cattorum
666 2124 758 2159 Ded.
789 2125 793 2169 Ι
823 2127 866 2159 16
892 2122 962 2169 ita]
989 2133 1035 2158 ea
1058 2123 1083 2158 d

310 2174 353 2207 17
381 2171 467 2206 sunt
494 2169 581 2205 GH
588 2171 632 2213 P,
659 2182 750 2207 corr.
777 2171 820 2207 d:
846 2170 893 2214 cf.
913 2181 954 2215 p.
981 2171 1041 2213 39,
1066 2172 1089 2205 3
1117 2170 1123 2213 Ι
1156 2180 1224 2214 pro
1250 2169 1394 2213 castris,
1419 2168 1453 2205 si
1476 2169 1502 2205 d
1525 2179 1570 2205 ex

206 2230 248 2265 p.
275 2221 335 2262 39,
359 2221 383 2254 3
411 2218 417 2264 Ι
452 2221 496 2253 18
521 2217 560 2252 111
585 2227 651 2253 om.
673 2218 719 2253 H
743 2218 747 2264 Ι
778 2222 820 2253 19
846 2218 1026 2253 habemus
1053 2216 1139 2252 GH
1156 2217 1161 2261 Ι
1183 2219 1228 2252 20
1254 2215 1466 2262 adgressuri
1489 2216 1568 2252 edd.

214 2265 382 2312 adgressi
411 2265 551 2302 GHP:
576 2265 622 2308 cf.
642 2265 729 2300 Liu.
749 2267 786 2311 2,
813 2268 861 2301 64
883 2267 888 2310 Ι
911 2268 957 2300 24
982 2275 1066 2300 011111
1085 2274 1152 2300 om.
1176 2263 1210 2299 G
1231 2265 1236 2308 Ι
1269 2267 1312 2300 25
1333 2262 1567 2310 detinuisset]

216 2313 294 2349 deti
319 2313 366 2348 H
371 2313 382 2332 ²
409 2312 633 2348 detinuisset
658 2313 695 2348 et
718 2312 742 2348 h
770 2313 773 2358 Ι
802 2312 884 2358 per]
914 2323 1006 2357 epcr
1033 2310 1068 2346 G
1092 2322 1180 2357 eper
1200 2311 1246 2346 H
1265 2314 1350 2347 ante
1372 2321 1447 2347 ras.
