1612 2488
133 761 176 792 10

132 1139 175 1170 15

127 1436 174 1468 20

117 1730 172 1762 ⁶25

208 108 291 151 128
477 108 576 144 IULl
600 109 838 145 FRONTINI
863 109 1295 148 STRATEGEMATON

205 217 313 259 didit
343 218 502 272 pueris,
534 218 716 273 adeptus
747 218 955 261 beneficio
981 219 1224 275 uictoriam,
1253 235 1384 276 quam
1408 221 1558 265 fraude

202 291 290 319 non
319 278 611 332 concupierat:
641 292 742 320 nam
762 277 925 320 Falisci
950 278 1005 320 ob
1031 278 1142 321 hanc
1164 278 1377 323 iustitiam
1403 284 1559 337 sponte

204 336 243 378 ei
275 350 320 378 se
352 336 616 379 dediderunt.

292 396 331 437 2.
395 396 466 437 Ad
514 395 762 438 Fabricium
811 396 962 439 ducem
1017 395 1312 440 Romanorum
1369 399 1558 443 medicus

204 453 360 509 Pyrrhi
403 454 683 510 Epirotarum
732 455 849 510 regis
897 456 1099 511 peruenit
1145 457 1450 514 pollicitusque
1493 462 1560 502 cst

204 513 407 556 daturum
439 529 484 556 se
515 514 684 569 Pyrrho
715 529 952 569 uenenum,
990 515 1027 557 si
1058 530 1222 558 merces
1254 516 1356 571 sibi,
1394 516 1441 559 in
1473 532 1559 573 qua

203 588 359 628 operae
407 574 595 629 pretium
645 574 776 627 foret,
826 574 1170 617 constitueretur.
1231 590 1315 630 quo
1364 575 1558 620 facinore

202 631 424 675 Fabricius
463 647 588 689 egere
625 633 856 675 uictoriam
895 648 1017 675 suam
1048 648 1137 676 non
1175 635 1424 690 arbitratus,
1461 636 1556 693 regi

201 691 416 734 medicum
450 692 612 734 detexit
643 694 772 747 atque
810 706 860 734 ea
896 692 980 734 fide
1018 693 1194 748 meruit,
1230 696 1279 735 ut
1317 694 1372 736 ad
1409 697 1558 750 peten-

202 750 301 793 dam
335 751 570 794 amicitiam
601 751 898 794 Romanorum
930 752 1209 807 compelleret
1238 752 1461 808 Pyrrhum.

629 867 672 904 V.
715 868 779 903 DE
806 867 1130 904 CONSTANTIA.

293 954 330 995 1.
375 951 450 995 Cn.
483 953 713 1008 Pompeius
746 953 1015 995 minantibus
1056 953 1297 1008 direpturos
1329 955 1556 1009 pecuniam

202 1012 426 1066 militibus,
459 1026 568 1067 quae
594 1013 639 1054 in
664 1012 884 1067 triumpho
915 1012 1113 1067 ferretur,
1145 1010 1327 1055 Seruilio
1359 1016 1403 1055 et
1423 1012 1557 1057 Glau—

202 1070 267 1113 cia
299 1071 647 1125 cohortantibus,
679 1075 728 1114 ut
759 1071 972 1113 diuideret
1003 1086 1116 1124 eam,
1151 1086 1206 1113 ne
1237 1072 1391 1115 seditio
1421 1073 1557 1128 fieret,

203 1130 451 1173 adfirmauit
493 1145 582 1173 non
624 1130 995 1185 triumphaturum
1034 1145 1078 1172 se
1116 1130 1262 1185 potius
1300 1134 1345 1173 et
1379 1132 1556 1175 moritu-

200 1204 315 1244 rum,
348 1205 477 1244 quam
508 1190 709 1231 licentiae
741 1189 928 1231 militum
962 1189 1273 1241 succumberet,
1311 1192 1555 1246 castigatis-

201 1262 282 1303 que
315 1250 512 1290 oratione
544 1249 669 1303 graui
700 1249 919 1290 laureatos
951 1247 1089 1290 fasces
1121 1248 1299 1302 obiecit,
1335 1252 1385 1291 ut
1415 1250 1470 1292 ab
1502 1249 1555 1292 il-

201 1307 343 1350 lorum
370 1307 611 1363 inciperent
636 1307 895 1363 direptione:
928 1321 1061 1362 eaque
1091 1307 1256 1349 inuidia
1285 1307 1450 1364 redegit
1481 1323 1554 1352 eos

200 1366 253 1408 ad
285 1367 554 1409 modestiam.

289 1426 328 1468 2.
359 1425 403 1469 O.
425 1425 597 1479 Caesar,
617 1426 828 1468 seditione
848 1426 893 1467 in
913 1426 1102 1468 tumultu
1122 1425 1316 1468 ciuilium
1336 1440 1553 1468 armorum

200 1484 399 1539 <f>aeta,
437 1486 622 1527 maxime
655 1485 811 1526 animis
843 1485 1128 1539 tumentibus,
1166 1484 1379 1539 legionem
1411 1487 1552 1527 totam

199 1544 514 1595 exauctorauit,
547 1544 725 1585 ducibus
759 1543 983 1585 seditionis
1016 1543 1156 1585 securi
1186 1543 1419 1597 percussis:
1451 1558 1553 1585 mox

199 1603 390 1657 eosdem,
421 1617 529 1658 quos
562 1605 934 1655 exauctorauerat,
965 1602 1249 1658 ignominiam
1281 1602 1551 1657 deprecantis

199 1662 391 1704 restituit
423 1664 465 1703 et
498 1662 687 1717 optimos
721 1662 880 1703 milites
911 1660 1076 1703 habuit.

289 1722 327 1763 3.
359 1720 610 1763 Postumius
630 1721 871 1763 consularis
892 1714 1141 1763 cohortatus
1163 1734 1275 1773 suos,
1306 1734 1403 1762 cum
1422 1719 1552 1762 inter-

292 1843 315 1872 4
334 1840 459 1873 autem
480 1837 614 1872 ducem
637 1837 671 1873 G
693 1837 697 1882 Ι
721 1840 741 1871 5
762 1835 864 1882 pyrri
884 1837 962 1872 GP
980 1838 985 1882 Ι
1007 1840 1028 1871 6
1048 1847 1160 1882 pyrro
1181 1835 1348 1871 GGHP
1367 1838 1372 1880 Ι
1396 1839 1416 1871 7
1437 1846 1551 1881 opera.

197 1885 242 1919 H
259 1884 264 1931 1
287 1888 308 1920 8
330 1884 420 1931 non]
443 1896 526 1919 cum
547 1885 590 1919 H
598 1883 610 1903 ¹
632 1884 637 1930 Ι
659 1888 679 1919 9
701 1884 748 1919 ad
774 1883 975 1929 petendam
998 1883 1086 1919 GH
1091 1883 1102 1903 ¹
1122 1882 1171 1918 ad
1191 1882 1440 1929 appetendam
1459 1882 1548 1929 ῙιΡΙ

200 1935 243 1966 10
267 1943 419 1976 pyrrum
447 1931 593 1967 OGhP

295 1983 337 2013 12
370 1990 408 2013 se
442 1978 650 2024 direpturos
679 1979 704 2013 d
732 1980 737 2023 Ι
774 1982 815 2013 13
849 1978 999 2023 glaucia
1024 1978 1102 2013 GP
1129 1975 1343 2012 conclaucia
1373 1977 1451 2017 (sed
1481 1987 1551 2012 con

197 2027 366 2069 deletum)
386 2026 431 2060 H
454 2026 610 2061 Claudio
636 2026 776 2061 conicio
782 2039 796 2070 ‚·
820 2036 940 2061 errore
964 2026 1125 2061 auctoris
1148 2025 1221 2060 duo
1238 2024 1389 2060 nomina
1407 2034 1452 2060 ex
1475 2034 1550 2059 uno

198 2073 353 2109 Seruilii
374 2073 552 2109 Glauciae
569 2074 656 2117 ficta
675 2083 746 2109 esse
763 2083 826 2108 sus
852 2074 974 2108 icatur
995 2073 1199 2116 Woelfflin:
1226 2071 1271 2114 cf.
1287 2071 1409 2116 praef.
1428 2070 1456 2117 §
1472 2074 1519 2106 11
1543 2070 1548 2117 Ι

199 2124 243 2156 15
270 2123 310 2156 et
333 2120 457 2165 potius
479 2131 549 2156 nos.
569 2120 695 2166 potius
715 2120 781 2155 sed
845 2120 932 2155 ΗΡ
953 2120 1018 2155 sed
1037 2118 1160 2165 potius
1181 2118 1206 2153 d
1227 2118 1232 2163 Ι
1257 2122 1300 2153 16
1321 2118 1551 2163 qualicentia

197 2168 243 2203 H
267 2170 272 2213 Ι
306 2166 581 2213 castigatioque
608 2167 653 2202 H
656 2167 666 2186 ¹
689 2167 695 2212 Ι
731 2171 773 2203 17
799 2168 984 2203 laureatas
1009 2167 1032 2202 h
1059 2168 1065 2211 Ι
1099 2166 1214 2201 falces
1241 2165 1286 2200 Η
1308 2165 1314 2211 Ι
1345 2168 1389 2201 18
1413 2164 1552 2210 redigit

197 2215 262 2250 H¹
284 2215 289 2262 Ι
313 2219 358 2250 20
383 2215 422 2250 O.
442 2225 507 2250 om.
530 2215 593 2249 Η1
616 2217 620 2257 Ι
643 2226 831 2250 armorum
854 2215 891 2249 P
914 2224 1099 2249 armarum
1122 2212 1226 2248 GH¹
1246 2214 1473 2248 armatorum
1495 2212 1519 2247 h
1541 2211 1547 2259 Ι

197 2266 240 2297 21
261 2261 366 2297 facta
383 2263 408 2298 d
433 2263 560 2297 actum
582 2261 668 2297 GH
688 2263 811 2297 actam
831 2262 868 2296 P
888 2262 974 2296 acta
998 2261 1076 2297 edd.
1097 2259 1209 2303 facta,
1229 2271 1313 2295 cum
1335 2259 1430 2296 Oua.
1448 2259 1550 2295 facta

197 2321 241 2344 ac
265 2310 347 2344 tum
372 2309 507 2345 Hartel
533 2311 537 2353 1
567 2319 739 2344 maxume
765 2309 802 2343 P
825 2310 830 2353 Ι
864 2312 908 2344 22
936 2308 1223 2343 exautorauerat
1247 2308 1291 2342 H
1299 2307 1311 2327 ¹
1332 2309 1338 2353 Ι
1365 2306 1549 2353 percussis

197 2357 329 2392 om.P
