1578 2508
171 113 258 149 XVI
705 114 990 150 PRAEFATIO.

169 223 388 278 glossema
432 225 498 265 est
538 222 612 266 (=
647 221 957 279 sexcentos):
1002 223 1040 265 D
1079 224 1193 278 apud
1230 224 1354 267 Eutr.
1385 225 1430 276 6,
1457 225 1526 269 20.

167 281 289 324 Oros.
322 282 366 336 6,
395 282 468 335 15,
495 282 565 324 23.
601 305 650 312 —-
692 297 731 337 p.
759 282 929 336 63,25]
963 282 1015 324 in
1045 283 1309 327 radicibus
1341 283 1542 326 Wachs-'

167 341 301 383 muth.
333 365 379 371 —-
417 357 455 395 p.
483 342 552 396 66,
573 342 617 394 8]
651 342 846 396 exempla
875 342 914 393 2,
935 341 974 396 5,
993 342 1049 385 31
1071 343 1116 384 et
1135 342 1193 385 34
1224 343 1364 386 aliena
1394 345 1522 398 putat

167 400 470 443 Wachsmuth,
502 425 560 431 -—
594 415 634 454 p.
663 401 730 451 72,
753 401 825 454 12]
858 401 1217 455 praelassatos
1249 416 1326 457 pro
1358 402 1522 446 lassa-

166 464 247 501 tos
269 462 411 501 ortum
431 459 604 502 uidetur
622 461 809 515 repetita
827 460 1149 515 praepositione
1167 475 1218 503 ex
1237 461 1381 516 priore
1400 475 1525 516 uoce3

166 519 218 561 cf.
245 533 284 573 p.
305 519 374 573 39,
390 519 429 561 3.
464 519 531 573 79,
552 519 620 560 21.
647 542 703 549 -
736 535 776 574 p.
798 519 865 573 74,
879 520 924 572 3]
959 521 1201 574 exemplum
1221 521 1260 575 2,
1282 521 1321 574 6,
1345 520 1400 562 10
1425 521 1525 564 alie-

165 592 270 620 num
314 580 441 632 putat
472 578 774 620 Wachsmuth,
812 602 871 607 —
907 593 948 633 p.
980 579 1053 633 86,
1075 578 1121 632 5]
1162 583 1385 622 moratos
1422 579 1524 622 scri-

167 637 355 679 bendum
387 639 502 680 recte
534 640 682 679 monet
714 636 1014 679 Wachsmuth.
1046 662 1105 667 —
1141 653 1182 693 p.
1217 639 1319 693 127,
1342 638 1413 691 16]
1449 653 1525 681 ar-

169 711 365 738 morum
392 696 501 738 coni.
521 695 826 751 Wachsmuth3
856 696 907 738 cf.
929 696 1104 751 Beloch,
1129 697 1196 739 die
1218 697 1526 752 Bevfflkerung

169 755 244 797 der
276 755 434 810 griech.
467 755 555 796 und
586 760 692 797 rbm.
725 755 846 797 Welt
879 754 919 797 S.
946 755 1032 798 548
1066 756 1192 798 Anm.
1219 757 1259 799 2.

257 814 614 870 EmendationeS,
665 829 771 869 quas
821 814 992 856 Modius
1037 815 1210 869 [Mod]
1261 813 1526 858 Stewechius

170 872 347 927 [Stew.],
379 873 617 915 Tennulius
640 873 827 928 [Tenn.],
861 872 1143 916 casaubonus
1166 873 1400 929 [Gasaub.‚]
1431 872 1527 916 Sal—

168 933 332 974 masius
373 932 562 986 [Salm.],
603 931 845 974 Gronovius
886 931 1074 987 [Gronq]
1112 932 1351 976 Scriuerius
1391 925 1527 988 [Βενη]

167 991 379 1033 Buherius
409 991 576 1045 [Buh.],
611 991 940 1058 Oudendorpius
967 991 1121 1045 [Oud.]‚
1153 993 1228 1034 alii
1260 993 1527 1048 excogitaue-

167 1054 279 1102 runt,
306 1065 455 1093 omnes
482 1051 678 1092 laudatas
704 1051 897 1092 inuenies
923 1050 968 1092 in
994 1051 1133 1093 altera
1152 1051 1338 1094 editione
1357 1049 1526 1094 Ouden-

168 1110 380 1165 dorpiana
418 1108 572 1166 (Lugd.
606 1109 699 1151 Bat.
735 1107 879 1163 1779).
937 1108 1032 1151 Hoc
1069 1109 1222 1152 deinde
1267 1110 1437 1152 saeculo
1482 1111 1527 1152 in

169 1169 447 1211 emendandis
480 1171 820 1224 strategematon
851 1168 976 1210 libris
1007 1169 1172 1211 uersati
1204 1170 1304 1211 sunt
1328 1168 1527 1211 Andreas

172 1228 386 1270 Dederich
426 1227 567 1281 [Ded]
607 1227 672 1283 (in
703 1227 802 1270 edit.
838 1226 990 1283 1855),
1031 1226 1206 1270 Curtius
1239 1227 1527 1270 Wachsmuth

170 1286 345 1342 (Rhein.
371 1286 480 1329 Mus.
506 1285 587 1328 XV
621 1286 776 1342 (1860)
809 1301 848 1340 p.
876 1287 964 1328 574
984 1285 1084 1343 sq.),
1115 1286 1307 1330 Eussner
1338 1285 1528 1342 (Blatter

166 1347 195 1388 f.
216 1347 254 1388 d.
275 1346 394 1399 bayr.
415 1345 569 1400 Gymn.
589 1345 676 1387 VII
695 1344 852 1401 (1871)
883 1361 923 1400 p.
945 1346 1004 1388 84
1017 1360 1078 1402 sq.
1110 1348 1154 1388 et
1185 1345 1394 1401 Philolog.
1410 1345 1524 1388 ΑΗΖ.

167 1404 274 1447 XIII
299 1404 454 1460 (1883)
480 1420 520 1460 p.
547 1403 672 1461 380),
704 1405 931 1447 Eduardus
965 1405 1194 1448 Woelfflin
1225 1403 1427 1461 (Hermes
1458 1404 1522 1447 IX

171 1463 326 1520 (1872)
370 1480 411 1519 p.
445 1465 499 1506 72
534 1462 633 1519 sq),
683 1463 977 1506 Zechmeister
1025 1462 1221 1520 (Wiener
1265 1463 1444 1506 Studien
1483 1463 1524 1506 V

170 1521 326 1579 (1883)
347 1539 387 1578 p.
409 1523 495 1564 224
507 1523 600 1578 sq.),
621 1522 861 1565 Gulielmus
881 1521 1036 1564 Hartel
1055 1521 1252 1578 (Wiener
1271 1522 1449 1565 Studien
1461 1522 1527 1566 VI

170 1580 326 1638 (1884)
364 1598 404 1637 p.
437 1582 493 1624 98
515 1580 608 1637 sq.).
671 1581 943 1623 Addiderunt
993 1581 1176 1637 denique
1226 1596 1305 1624 sua
1348 1580 1527 1624 Curtius

170 1640 462 1683 Wachsmuth
495 1644 538 1683 et
564 1639 777 1696 Georgius
799 1640 931 1682 Goetz
955 1641 1000 1682 in
1027 1640 1292 1696 corrigendis
1319 1640 1528 1696 plagulis,

170 1701 288 1742 cuius
308 1701 470 1742 laboris
490 1699 899 1742 beneuolentissime
918 1699 1150 1755 participes
1169 1714 1264 1742 esse
1279 1699 1525 1742 uoluerunt.

258 1758 550 1814 Conspectum
581 1760 792 1814 locorum,
830 1758 984 1814 quibus
1022 1759 1173 1801 eadem
1211 1761 1524 1814 strategemata

168 1818 418 1872 traduntur,
452 1818 617 1860 adicere
650 1833 747 1860 cum
778 1818 895 1860 haud
931 1819 985 1860 ab
1019 1832 1064 1860 re
1096 1818 1188 1860 fore
1216 1817 1525 1868 existimarem,

171 1877 316 1919 omnia
360 1892 469 1932 quae
514 1880 720 1932 congesta
762 1877 808 1919 in
851 1877 1038 1919 editione
1078 1875 1436 1931 Oudendorpiana
1478 1878 1523 1918 et

172 1936 538 1991 Wiegmanm'ana
577 1935 833 2003 (Gottingae
873 1934 1008 1992 1798)
1049 1937 1222 1977 exstant
1265 1934 1423 1990 collegi
1466 1939 1528 1989 et,

172 1999 381 2049 quantum
425 1995 602 2048 licebat,
652 1996 772 2050 auxi,
815 1994 973 2037 additis
1017 1994 1151 2036 etiam
1195 2007 1304 2049 quae
1347 1991 1523 2035 Curtius

173 2053 475 2109 Wachsmuth,
495 2069 578 2109 qua
599 2058 664 2096 est
688 2054 961 2109 liberalitate,
985 2067 1153 2095 mecum
1173 2052 1523 2095 communicauit.

262 2134 514 2179 Scribebam
546 2136 694 2178 Ienae
726 2151 874 2178 mense
906 2136 1136 2178 Decembri
1165 2136 1291 2178 1887.

1017 2235 1070 2273 G.
1098 2236 1438 2273 Gundermann.
