1612 2488
105 747 148 780 10

104 1211 148 1243 15

100 1507 145 1540 20

100 1804 144 1836 25

179 93 263 136 106
450 94 551 131 IULI
574 94 811 132 FRONTINI
836 95 1270 135 STRATEGEMATON

266 203 305 246 5.
337 202 662 259 Epaminondas
688 204 999 261 Mantinia<e>,
1033 220 1128 248 cum
1165 205 1530 251 Lacedaemonios

176 263 220 304 in
247 263 490 305 subsidium
510 264 626 306 hosti
643 265 814 306 uenisse
845 265 1222 321 animaduerteret,
1251 269 1372 310 ratus
1403 282 1532 324 posse

175 321 542 365 Lacedaemonem
573 324 794 379 occupari,
832 325 869 366 si
900 325 1011 367 clam
1042 325 1119 368 illo
1150 325 1371 380 profectus
1402 330 1530 382 esset,

174 385 301 424 nocte
334 383 507 425 crebros
540 383 661 438 ignes
699 383 794 425 fieri
824 383 976 438 iussit,
1019 387 1069 427 ut
1109 386 1251 440 specie
1280 386 1532 428 remanendi

176 442 413 484 occultaret
436 442 764 497 profectionem.
826 443 900 485 sed
921 458 947 485 a
965 443 1192 500 transfuga.
1216 444 1425 500 proditus,
1456 445 1530 488 ad-

177 503 324 543 secuto
358 502 547 544 exercitu
572 501 1026 558 Lacedaemoniorum,
1058 503 1211 546 itinere
1242 504 1414 559 quidem
1446 519 1530 560 quo

177 558 380 615 Spartam
418 561 596 615 petebat
632 561 817 616 destitit,
849 561 963 604 idem
995 566 1142 604 tamen
1174 563 1401 606 consilium
1433 578 1531 607 con-

174 620 308 662 uertit
339 620 392 662 ad
414 620 745 663 Mantinienses:
780 635 914 676 aeque
947 621 1062 663 enim
1092 622 1266 678 ignibus
1298 622 1426 665 factis
1452 622 1532 665 La-

175 679 486 735 cedaemonios,
513 680 636 736 quasi
656 682 862 735 maneret,
887 680 1119 723 frustratus
1145 695 1221 736 per
1245 682 1532 738 quadraginta

173 739 295 780 milia
324 753 533 794 passuum
558 740 739 782 reuertit
765 739 1021 782 Mantiniam
1054 755 1236 797 eamque
1269 741 1428 783 auxilio
1460 740 1530 784 de-

173 798 374 840 stitutam
407 798 647 854 occupauit.

172 961 237 996 EX
262 961 544 998 CONTRARIO
573 963 739 1010 [VERO]
766 962 909 999 CIRCA
941 962 1174 999 TUTELAM
1197 962 1527 1000 OBSESSORUM.

403 1033 484 1068 XII.
522 1033 585 1068 DE
612 1033 900 1070 EXCITANDA
925 1033 1056 1070 CURA
1084 1033 1295 1071 SUORUM.

235 1144 271 1183 1.
309 1141 557 1185 Alcibiades
584 1142 725 1197 (dux)
754 1142 1095 1197 Atheniensium,
1128 1142 1304 1185 ciuitate
1330 1158 1408 1186 sua
1440 1142 1524 1198 <a>

173 1200 526 1243 Lacedaemoniis
559 1203 754 1257 obsessa,
791 1202 954 1244 ueritus
993 1202 1312 1258 neglegentiam
1343 1202 1527 1258 uigilum

173 1260 446 1302 denuntiauit
475 1260 545 1303 his
587 1261 660 1316 qui
691 1261 737 1303 in
768 1261 1031 1304 stationibus
1064 1263 1206 1316 erant,
1244 1261 1529 1304 obseruarent

171 1319 328 1371 lumen,
361 1320 475 1375 quod
494 1323 620 1363 nocte
639 1323 889 1363 ostenturus
916 1323 1030 1363 esset
1056 1334 1107 1362 ex
1135 1335 1242 1374 arce,
1273 1323 1316 1362 et
1347 1320 1402 1363 ad
1433 1335 1530 1363 con-

172 1382 365 1434 spectum
405 1380 496 1422 eius
533 1380 618 1435 ipsi
654 1395 822 1436 quoque
861 1380 1027 1422 lumina
1058 1380 1323 1435 attollerent3
1365 1379 1412 1422 in
1444 1393 1529 1435 quo

171 1453 348 1481 munere
375 1439 449 1494 qui
479 1443 704 1493 cessasset,
728 1454 911 1494 poenam
937 1453 1183 1494 passurum:
1216 1438 1318 1481 dum
1345 1438 1529 1481 sollicite

172 1501 445 1552 exspectatur
471 1499 645 1553 signum
677 1498 808 1552 ducis,
839 1498 1148 1553 peruigilatum
1181 1497 1235 1540 ab
1255 1498 1454 1540 omnibus
1486 1499 1531 1540 et

172 1560 395 1612 suspectae
427 1558 568 1598 noctis
600 1558 836 1612 periculum
869 1557 1080 1599 euitatum
1114 1559 1190 1599 est.

263 1618 301 1658 2.
351 1615 593 1671 Iphicrates
639 1616 723 1658 dux
768 1616 1123 1667 Atheniensium,
1172 1629 1267 1658 cum
1310 1615 1528 1671 praesidio

172 1673 429 1718 Corinthum
460 1678 628 1717 teneret
659 1679 702 1717 et
740 1676 820 1718 sub
853 1676 1087 1718 aduentum
1117 1675 1311 1717 hostium
1340 1674 1434 1730 ipse
1465 1674 1528 1717 ui-

172 1735 299 1789 gilias
327 1735 583 1790 circumiret,
613 1735 803 1791 uigilem,
829 1750 956 1790 quem
981 1734 1267 1777 dormientem
1290 1734 1528 1789 inuenerat,

171 1794 389 1836 transfixit
429 1794 620 1849 cuspide:
661 1794 775 1850 quod
812 1794 973 1837 factum
1013 1793 1269 1850 quibusdam
1299 1795 1526 1848 tamquam

269 1926 285 1956 1
320 1921 589 1967 Epiminondas
615 1922 674 1957 H¹
716 1921 994 1966 Epimanondas
1019 1921 1043 1956 h
1076 1922 1082 1964 Ι
1121 1919 1325 1956 Mantiniae
1362 1931 1445 1956 nos:
1479 1921 1525 1965 cf.

167 1980 206 2014 p.
233 1972 296 2012 52,
323 1973 370 2005 21
399 1973 431 2003 et
459 1970 565 2015 Troy.
586 1970 681 2014 prol.
703 1972 739 2012 6,
758 1973 782 2005 6
812 1969 996 2004 mantinia
1014 1968 1098 2003 ΗΡ
1125 1967 1348 2003 mantiniam
1365 1969 1391 2004 d
1426 1968 1527 2014 apud

169 2015 394 2051 Mantiniam
421 2017 499 2051 edd.
529 2019 534 2060 Ι
566 2020 586 2052 2
612 2016 801 2052 inobsidisi
826 2015 897 2051 hoc
922 2015 1067 2052 uenisse
1092 2015 1150 2051 ΗἸ
1180 2016 1187 2060 Ι
1220 2019 1241 2050 9
1267 2015 1355 2052 ,XL
1383 2015 1446 2060 ΡΙ
1482 2017 1526 2050 10

171 2074 267 2108 aque
292 2063 352 2098 Hl

269 2115 311 2146 12
338 2121 427 2145 uero
453 2111 556 2145 eiecit
571 2111 605 2149 «d
629 2114 677 2146 u—o
698 2111 740 2146 H
762 2110 848 2146 uelo
868 2111 919 2147 P:
943 2111 989 2155 cf.
1003 2121 1044 2156 p.
1064 2112 1123 2152 89,
1143 2113 1168 2145 8
1190 2111 1195 2151 Ι
1219 2113 1261 2145 13
1288 2108 1527 2146 exercitanda.

171 2158 217 2193 H
219 2158 262 2201 P,
289 2168 380 2194 corr.
401 2158 426 2192 d
447 2159 452 2203 Ι
484 2161 527 2192 14
553 2158 627 2192 dux
651 2159 840 2203 suppleui:
865 2159 910 2202 cf.
932 2169 974 2204 p.
995 2161 1078 2201 101,
1097 2159 1144 2193 19
1166 2158 1171 2202 Ι
1199 2157 1346 2192 athenis
1364 2157 1403 2192 P
1421 2157 1527 2192 athe·

170 2206 310 2240 niensis
330 2206 356 2241 d
377 2208 381 2249 1
404 2215 427 2239 a
452 2205 536 2240 add.
557 2206 582 2240 d
604 2207 608 2247 Ι
633 2208 676 2240 16
702 2205 749 2240 iis
763 2206 824 2250 ΡΙ
853 2210 896 2241 17
923 2205 1137 2241 ostensurus
1157 2205 1182 2239 d
1203 2204 1209 2248 Ι
1239 2205 1340 2239 esset
1362 2215 1430 2240 om.
1447 2203 1495 2239 H

173 2257 216 2288 19
237 2263 387 2288 munere
408 2251 472 2298 qui
491 2252 545 2295 H,
562 2253 624 2287 sed
642 2263 681 2288 re
703 2254 767 2297 qui
787 2254 828 2288 in
846 2264 920 2289 ras.
941 2254 965 2288 h
986 2253 992 2299 Ι
1014 2255 1220 2287 cessassent
1234 2252 1279 2286 H
1298 2255 1384 2288 ante
1400 2262 1493 2287 corr.

170 2304 215 2335 21
243 2300 424 2336 euitatum
443 2299 503 2342 H,
528 2299 589 2335 sed
614 2300 645 2334 it
669 2301 711 2334 in
735 2311 808 2335 ras.
829 2302 989 2346 quinque
1012 2300 1081 2335 litt.
1099 2299 1124 2334 h
1145 2299 1150 2343 Ι
1173 2302 1217 2334 23
1243 2298 1324 2344 ipse
1349 2309 1417 2335 om.
1436 2298 1496 2334 Ηι

170 2351 217 2382 24
242 2348 438 2383 inuenerat
462 2347 508 2382 H
540 2346 687 2382 uiderat
709 2347 746 2382 P
