1612 2488
453 68 601 136 LIBER
622 97 688 133 111.
724 96 828 133 CAP.
854 99 1005 133 13—15.
1316 92 1403 136 109

54 211 167 265 set),
190 209 300 252 alios
325 209 515 251 excitans
534 205 782 250 constantia
804 204 1003 247 fallaciae
1022 218 1125 246 suae
1143 218 1222 259 per
1238 201 1405 244 medias

58 268 260 313 Caesaris
289 268 437 323 copias
467 266 731 323 praesidium
761 264 940 319 Pompei
970 262 1227 306 transduxit.

149 329 190 372 2.
230 326 477 370 Hannibale
511 325 733 368 obsidente
764 322 1020 378 Casilinum,
1045 321 1231 364 Romani
1260 320 1329 363 far
1358 319 1407 362 in

57 386 190 429 doliis
221 385 407 429 secunda
437 399 549 440 aqua
572 383 776 426 Volturni
810 381 1000 424 fluminis
1031 380 1329 434 demittebant,
1358 382 1408 421 ut

64 446 119 488 ab
151 444 339 488 obsessis
370 444 646 499 exciperetur.
690 442 844 497 quibus
881 456 979 483 cum
1016 440 1188 482 obiecta
1217 453 1294 494 per
1323 452 1408 480 me-
1433 444 1455 476 5

62 504 184 546 dium
214 517 384 546 amnem
415 507 569 550 eatena
592 500 815 543 Hannibal
840 500 1095 554 obstitisset,
1125 513 1256 541 nuces
1288 511 1408 552 spar-

65 577 176 606 sere:
214 576 325 618 quae
361 576 459 604 cum
489 575 602 617 aqua
637 560 802 602 ferente
840 559 894 601 ad
924 558 1130 614 oppidum
1161 557 1410 611 defluerent,

66 636 118 664 eo
149 624 391 665 commeatu
421 621 636 663 sociorum
666 617 971 661 necessitatem
1003 618 1367 660 sustentanerunt.

153 681 193 723 3.
230 679 401 722 Hirtius
437 678 755 722 Mutinensibus
795 677 984 720 obsessis
1024 677 1079 719 ab
1111 676 1302 718 Antonio
1343 689 1410 717 sa-

65 739 174 792 lem,
220 753 305 794 quo
348 739 534 781 maxime
577 737 857 792 indigebant,
906 736 1028 791 cupis
1072 734 1295 778 conditum
1335 748 1411 789 per
1438 740 1483 773 10

66 812 239 840 amnem
270 796 547 840 Scultennam
576 795 822 838 intromisit.

155 858 197 899 4.
233 855 353 898 Idem
372 870 528 911 pecora
548 854 735 898 secunda
753 868 867 908 aqua
889 852 1075 907 demisit,
1105 867 1215 908 quae
1234 855 1413 907 excepta

70 918 427 958 sustentauerunt
455 914 797 957 necessariorum
827 912 1033 967 inopiam.

130 1077 211 1114 XV.
252 1063 640 1120 QUEMAD'MODUM
664 1074 963 1119 EFFICIATUR,
989 1074 1052 1110 ΠΤ
1077 1073 1343 1110 ABUNDARE

374 1133 679 1180 VIDEANTUR,
706 1133 837 1178 QUAE
862 1134 1104 1171 DEERUNT.
1441 1140 1487 1172 15

162 1245 201 1287 1.
242 1243 451 1297 Romani,
481 1258 579 1286 cum
610 1258 635 1285 a
669 1242 805 1285 Gallis
837 1241 1100 1298 Capitolium
1133 1241 1418 1294 obsideretur,

73 1303 121 1344 in
150 1305 340 1345 extrema
383 1303 472 1344 iam
512 1301 630 1343 fame
666 1316 821 1356 panem
851 1302 897 1343 in
935 1302 1109 1344 hostem
1148 1294 1419 1343 idctauerunt

73 1362 388 1415 consecutique,
406 1363 455 1402 ut
481 1360 701 1402 abundare
727 1360 1038 1402 commeatibus
1066 1360 1323 1412 uiderentur,
1345 1358 1419 1400 ob-

74 1420 295 1472 sidionem,
326 1419 462 1462 donec
491 1417 703 1461 Camillus
736 1419 995 1472 subueniret,
1025 1419 1333 1460 tolerauerunt.

163 1479 222 1532 [2.
263 1477 553 1521 Athenienses
586 1478 791 1520 aduersus
816 1477 1179 1520 Lacedaemonios
1209 1477 1325 1519 idem
1356 1476 1419 1518 fe·
1444 1488 1491 1520 20

72 1538 182 1580 cisse
212 1536 439 1590 dicuntur]

165 1596 206 1638 3.
247 1594 319 1650 Hi,
350 1596 424 1650 qui
449 1595 503 1637 ab
532 1594 777 1637 Hannibale
802 1594 981 1638 Casilini
1007 1595 1332 1645 obsidebantur,
1364 1594 1419 1636 ad

55 1656 312 1695 extremam
348 1654 507 1696 famem
539 1655 787 1708 peruenisse
818 1654 987 1707 crediti,
1030 1668 1127 1695 cum
1159 1654 1293 1694 etiam
1322 1652 1420 1694 her-

78 1712 155 1754 bas
198 1712 414 1754 alimentis
458 1726 607 1754 eorum
638 1711 884 1767 Hannibal,
921 1715 1044 1754 arato
1081 1713 1174 1754 loeo
1217 1711 1290 1766 qui
1328 1714 1422 1753 erat

78 1770 189 1812 inter
218 1772 363 1812 eastra
392 1770 528 1825 ipsius
559 1774 602 1812 et
633 1771 821 1825 moenia,
857 1771 1144 1824 praeriperet,
1175 1771 1342 1812 semina
1372 1770 1419 1812 in
1445 1781 1493 1813 25

70 1831 376 1884 praeparatum
406 1830 547 1871 locum
573 1829 779 1883 iecerunt,
810 1829 1047 1883 consecuti,
1077 1832 1127 1871 ut
1157 1829 1317 1871 habere
1349 1829 1411 1870 ui-

176 1961 196 1991 1
222 1957 316 1993 alios
343 1957 562 1993 Perizonius
598 1956 744 2000 aliquos
769 1956 814 1991 H
817 1956 855 1991 P
888 1958 894 2000 Ι
933 1955 1099 1992 excitans
1122 1957 1255 2002 scripsi
1279 1956 1425 1993 euitans

80 2003 187 2047 ΗΡΙ
208 2007 230 2038 2
255 2003 422 2039 traduxit
439 2004 534 2045 (113
561 2002 759 2038 casilinum
778 2004 803 2038 d
830 2002 1025 2038 catilinam
1043 2003 1129 2039 ΗΡ
1146 2005 1153 2049 Ι
1173 2004 1232 2040 far
1255 2004 1296 2038 in
1316 2004 1425 2039 Zech-

83 2050 229 2086 meister:
249 2051 326 2086 0011.
352 2051 439 2087 Liu.
459 2053 524 2094 23,
543 2054 604 2095 19,
622 2053 647 2086 8
682 2050 781 2085 farin
803 2050 850 2084 H
880 2049 1040 2086 farinam
1066 2051 1103 2086 P
1127 2052 1133 2096 Ι
1166 2055 1190 2085 4
1214 2051 1327 2086 doliis
1345 2052 1424 2087 edd.

81 2096 198 2132 doleis
210 2097 308 2132 HP:
332 2099 379 2141 cf.
394 2109 433 2142 p.
452 2100 516 2140 24,
530 2101 578 2132 10
598 2099 605 2142 Ι
625 2096 794 2132 uultui-ni
811 2097 835 2131 h
855 2100 860 2137 Ι
891 2097 1133 2133 dimittebant
1150 2098 1244 2141 ΗΡ,
1268 2109 1360 2134 corr.
1373 2099 1399 2133 d
1421 2099 1425 2143 Ι

80 2146 103 2178 ὅ
122 2142 300 2190 obsessis]
320 2155 438 2180 sesses
452 2145 510 2179 H¹
530 2146 537 2190 Ι
559 2148 580 2179 9
606 2143 769 2190 Hirtius]
791 2143 909 2179 Huius
922 2144 968 2179 H
984 2146 991 2190 1
1014 2149 1056 2180 11
1078 2145 1319 2180 Scultennam
1334 2145 1427 2180 Oua.

82 2200 127 2224 esc
144 2192 180 2232 3,
193 2194 253 2234 13,
266 2193 290 2226 7
313 2193 527 2227 santernum
539 2191 582 2226 Η
606 2191 834 2226 samternum
847 2190 885 2226 P
902 2193 909 2235 Ι
932 2195 975 2226 12
993 2203 1149 2237 pecoras
1163 2192 1208 2226 Η
1221 2196 1307 2228 ante
1324 2202 1398 2228 ras.
1422 2196 1425 2236 Ι

84 2235 228 2272 dimisit
250 2238 297 2273 Η
318 2239 324 2283 Ι
359 2242 403 2273 13
428 2238 707 2274 sustentauerat
730 2238 790 2273 ΗἸ
819 2240 1122 2274 sustentauerant
1145 2239 1169 2274 h

178 2287 221 2319 16
247 2295 271 2319 a
293 2295 360 2321 om.
386 2285 445 2319 H¹
477 2287 483 2330 Ι
516 2284 722 2330 capitulum
746 2285 806 2320 H¹
838 2287 845 2330 Ι
877 2289 923 2321 20
948 2287 1147 2331 exemplum
1170 2286 1351 2321 alienum.-
1381 2286 1429 2330 cf.

79 2332 201 2375 praef.
226 2330 254 2378 5
273 2333 407 2376 9122
433 2332 678 2377 cassiliniP!
709 2335 755 2367 25
779 2331 966 2378 inti-afli
992 2333 1048 2380 in]
1073 2332 1173 2368 inter
1196 2332 1256 2368 H¹
