1612 2488
635 550 767 599 IULI
804 551 1119 600 FRONTINI

400 679 814 746 STRATE
836 681 1359 748 GEMATON
1434 685 1437 688 ’

658 825 823 864 LIBER
855 825 1094 865 TERTIUS.

292 949 338 993 Si
375 951 543 1006 priores
581 950 683 993 libri
714 951 1030 1008 responderunt
1060 953 1201 995 titulis
1233 953 1322 996 suis
1353 955 1398 996 et
1426 953 1559 998 lecto-

152 1022 173 1055 5
201 1023 293 1052 rem
320 1009 540 1063 hueusque
566 1024 664 1052 eum
690 1011 928 1053 attentione
953 1011 1265 1068 perduxerunt,
1296 1011 1420 1055 edam
1444 1027 1559 1063 nuno

200 1069 316 1112 eirca
349 1069 697 1126 oppugnationes
735 1070 909 1113 urbium
942 1070 1300 1127 defensionesque
1326 1074 1558 1126 (τρατηγή-

199 1142 322 1180 ματα.
359 1143 437 1171 nee
463 1128 665 1171 morabor
689 1128 781 1171 ulla
806 1129 1144 1186 praelocutione,
1168 1130 1286 1186 prius
1316 1130 1556 1174 traditurus

199 1202 307 1243 quae
347 1187 647 1243 oppugnandis
683 1187 863 1231 urbibus
900 1189 1000 1231 usui
1037 1191 1155 1245 sunt,
1198 1192 1293 1232 tum
1334 1204 1443 1246 quae
1482 1190 1558 1233 ob-

199 1261 343 1289 sessos
375 1248 588 1289 instruere
618 1247 801 1302 possint.

129 1318 174 1351 10
288 1304 514 1361 Depositis
553 1309 700 1348 autem
735 1306 938 1361 operibus
971 1309 1015 1349 et
1044 1307 1424 1364 machinamentis,
1455 1323 1557 1364 quo-

198 1380 295 1408 rum
322 1365 495 1421 expleta
520 1365 608 1407 iam
633 1365 800 1421 pridem
825 1365 1075 1408 inuentione
1100 1366 1269 1410 nullam
1294 1367 1421 1410 uideo
1443 1368 1558 1411 ultra

199 1424 358 1467 artium
403 1425 653 1479 materiam,
702 1424 782 1466 has
827 1425 940 1467 eirea
983 1425 1348 1481 expugnationem
1391 1426 1556 1482 species

199 1483 556 1536 ετρατηγημάτων
589 1483 788 1525 fecimus:

384 1542 417 1584 Ι.
450 1541 515 1584 De
545 1542 770 1596 repentino
802 1542 979 1597 impetu.

127 1613 173 1646 15
361 1600 418 1644 II.
449 1600 515 1644 De
546 1600 748 1643 fallendis
779 1600 867 1656 his,
898 1601 972 1657 qui
1003 1600 1325 1645 obsidebuntur.

340 1659 418 1704 ΙΠ.
449 1659 516 1702 De
549 1660 770 1703 eliciendis
803 1659 857 1702 ad
887 1659 1190 1715 proditionem.

316 1718 418 1762 IIII.
449 1718 532 1761 Per
563 1734 671 1775 quae
702 1719 851 1762 hostes
883 1719 936 1762 ad
967 1719 1160 1775 inopiam
1190 1720 1454 1776 redigantur.

364 1778 418 1821 V.
451 1778 822 1829 Quemadmodum
841 1778 1164 1835 persuadeatur,
1177 1779 1448 1822 obsidionem
1459 1794 1554 1836 per-

482 1852 741 1880 mansuram.

295 1969 313 2000 1
328 1966 476 2001 titulum
489 1976 555 2001 om.
571 1965 617 2000 H
620 1965 631 1985 ¹
645 1964 888 2001 PREFATIO
902 1964 1180 2001 FRONTONIS
1196 1964 1327 2000 LIBRI
1340 1964 1506 2002 TERTII
1520 1966 1555 2003 G·

195 2011 315 2048 IULII
327 2011 565 2047 FRONTINI
580 2011 1008 2048 STRATEGEMATON
1022 2013 1100 2057 (sed
1117 2011 1153 2047 N
1165 2023 1342 2058 super-scr.
1356 2013 1396 2058 h)
1408 2012 1555 2050 LIBER

199 2071 253 2108 .11.
279 2070 466 2107 EXPLIC.
493 2070 676 2107 INCIPIT
702 2071 850 2106 LIBER
874 2070 1079 2107 TERTIUS
1103 2072 1180 2114 (sed
1198 2070 1251 2105 ΙΙΙ
1269 2072 1309 2116 h)
1329 2072 1420 2118 hPl
1447 2076 1471 2109 4
1493 2085 1554 2110 re-

197 2119 429 2165 sponderunt
452 2120 493 2161 (u
518 2129 562 2154 ea:
581 2121 623 2162 e)
651 2119 697 2153 H
719 2119 725 2164 1
757 2123 777 2154 5
804 2120 932 2154 sedam
960 2118 997 2153 P
1022 2119 1027 2163 Ι
1061 2122 1083 2153 6
1109 2117 1433 2165 defensionisquae
1458 2119 1517 2156 ,Ηι
1545 2121 1551 2167 Ι

196 2167 466 2211 strategemata
490 2165 537 2201 H
540 2165 577 2201 P
608 2169 613 2209 Ι
654 2169 675 2200 8
701 2168 780 2200 tum
807 2167 832 2201 d
855 2167 945 2202 tunc
974 2165 1061 2201 GH
1066 2165 1103 2200 P
1133 2166 1140 2210 Ι
1173 2168 1194 2200 9
1219 2166 1340 2211 possit
1361 2166 1449 2203 G‘H
1467 2178 1556 2213 pos-

196 2215 281 2249 sunt
305 2214 331 2249 d
361 2215 366 2258 Ι
408 2217 451 2249 13
478 2214 773 2257 strategematon
798 2213 887 2248 ΗΡ
913 2215 918 2258 j
954 2217 998 2248 14
1022 2213 1178 2248 indicem
1201 2215 1311 2255 (14—
1333 2225 1370 2259 p.
1397 2217 1460 2257 89,
1484 2216 1552 2259 18)

195 2272 262 2297 om.
277 2260 312 2297 G
333 2262 338 2306 Ι
363 2263 407 2296 15
432 2259 479 2296 iis
501 2260 562 2304 ΡΙ
591 2259 857 2295 obsidebantur
883 2260 942 2295 H¹
968 2258 1185 2296 obsidentur
1209 2260 1234 2295 d
1255 2262 1259 2305 Ι
1290 2264 1333 2296 16
1359 2260 1553 2307 elegendis

195 2308 241 2344 H
258 2309 264 2354 1
297 2311 340 2343 18
365 2317 643 2353 permensuram
669 2306 727 2342 H¹
