1612 2488
536 125 683 162 LIBER
705 125 767 160 IV.
818 123 920 160 CAP.
949 128 980 160 7.
1351 121 1434 164 137

90 235 332 291 respondit:
364 234 514 290 ‘aliqui
545 236 589 276 et
620 233 851 289 supersint,
883 231 957 288 qui
988 231 1039 274 de
1070 231 1255 274 uictoria
1283 234 1437 274 nostra

89 294 290 338 hostibus
320 292 548 336 nuntient?

181 354 249 396 16.
294 351 439 408 Scipio
470 352 701 394 Africanus
732 350 870 393 dicere
903 350 1056 392 solitus
1095 352 1162 391 est
1196 349 1313 392 hosti
1350 364 1439 392 non

91 413 232 455 solum
269 411 453 454 dandam
496 425 590 453 esse
633 410 750 452 uiam
787 409 840 451 ad
876 408 1153 464 fugiendum,
1191 408 1266 450 sed
1303 410 1437 451 etiam

89 470 377 513 muniendam.

185 530 252 572 17.
293 528 457 571 Paches
494 527 773 570 Atheniensis
812 526 1059 568 adfirmauit
1097 526 1335 568 incolumes
1373 525 1439 568 fu-

91 590 212 630 turos
248 588 419 642 hostes,
456 587 495 628 si
524 587 789 641 deponerent
817 585 997 628 ferrum:
1041 585 1185 640 eisque
1223 585 1439 628 obsecutis

92 646 412 689 condicionibus
443 645 686 699 uniuersos,
717 645 790 700 qui
819 646 863 686 in
897 644 1061 700 sagulis
1091 643 1254 686 ferreas
1282 644 1439 686 fibulas

92 704 365 760 habuissent,
394 704 579 746 interfici
609 704 747 745 iussit.

186 765 253 807 18.
301 762 547 805 Hasdrubal
591 762 926 818 subigendorum
973 760 1261 803 Numidarum
1311 776 1441 804 causa

92 822 315 878 ingressus
352 823 458 864 fines
492 836 637 863 eorum
670 822 868 863 resistere
905 819 1160 875 parantibus
1193 820 1441 862 adfirmauit

94 881 148 923 ad
180 880 409 936 capiendos
448 895 492 922 se
523 881 691 922 uenisse
723 879 997 935 elephantOS,
1032 879 1188 934 quibus
1224 878 1344 921 ferax
1377 878 1442 921 es't

91 938 315 982 Numidia:
354 943 404 981 ut
438 939 520 982 hoc
557 940 874 994 permitterent,
910 938 1189 993 poscentibus
1222 938 1440 993 <pretium

93 999 219 1054 cum>
251 998 551 1053 promisisset,
595 1012 646 1040 ea
687 997 964 1053 persuasione
1010 999 1215 1039 auocatos
1266 997 1439 1040 adortus

93 1057 173 1099 sub
204 1058 322 1112 leges
352 1057 530 1112 redegit.

185 1116 252 1158 19.
293 1115 470 1158 Alcetas
501 1115 877 1170 Lacedaemonius,
907 1117 956 1156 ut
986 1114 1290 1157 Thebanorum
1323 1129 1439 1157 com-

92 1177 282 1217 meatum
312 1174 481 1216 facilius
514 1189 565 1216 ex
595 1174 819 1228 inopinato
846 1173 1164 1229 adgrederetur,
1194 1174 1240 1216 in
1272 1174 1440 1216 occulto

90 1233 257 1290 paratis
287 1233 489 1287 nauibus,
524 1235 746 1288 tamquam
781 1247 907 1274 unam
946 1233 1122 1275 omnino
1153 1233 1336 1275 haberet
1365 1232 1441 1275 tri-

92 1306 267 1343 remem,
285 1291 454 1334 uicibus
467 1291 512 1333 in
527 1306 577 1332 ea
594 1291 802 1346 remigem
823 1291 1065 1334 exercebat:
1086 1291 1270 1346 quodam
1290 1291 1440 1333 deinde

92 1352 286 1405 tempore
316 1350 456 1391 omnis
480 1364 613 1391 naues
644 1350 689 1391 in
714 1349 945 1392 Thebanos
975 1351 1345 1405 transnauigantis
1376 1350 1439 1391 in-

92 1409 212 1451 misit
242 1411 287 1451 et
317 1408 627 1450 commeatibus
658 1423 806 1451 eorum
835 1409 999 1464 potitus
1031 1411 1109 1451 est.

150 1482 153 1483 ⁷
181 1467 251 1510 20.
295 1466 572 1509 Ptolomaeus
598 1467 803 1509 aduersus
822 1467 1070 1509 Perdiccam
1097 1467 1287 1509 exercitu
1317 1481 1441 1522 prae-

94 1526 327 1580 ualentem,
363 1525 455 1580 ipse
491 1525 730 1580 inualidus,
762 1540 887 1568 omne
918 1526 1125 1581 pecudum
1158 1539 1312 1580 genus,
1342 1526 1442 1567 reli-

94 1584 210 1639 gatis
243 1584 296 1625 ad
325 1586 496 1639 tergum
533 1599 641 1639 quae
677 1585 899 1626 traherent
936 1586 1184 1639 sarmentis,
1227 1584 1441 1640 agendum

50 1663 54 1666 ·
95 1656 174 1697 per
202 1656 362 1697 paucos
394 1644 563 1684 curauit
593 1643 777 1697 equites:
808 1643 901 1696 ipse
932 1657 1212 1698 praegressus
1244 1658 1340 1685 cum
1372 1658 1440 1685 co-

95 1700 180 1755 piis
212 1715 318 1755 quas
348 1700 538 1742 habebat
568 1701 719 1755 effecit,
749 1704 798 1742 ut
827 1701 989 1756 puluis,
1027 1715 1152 1755 quem
1185 1716 1342 1756 pecora
1373 1716 1441 1743 ex-

190 1843 212 1874 3
237 1838 433 1874 affricanus
457 1839 491 1875 G
511 1841 516 1882 Ι
538 1843 561 1874 4
586 1839 634 1874 ad
652 1838 720 1884 fug
721 1839 870 1874 iendum
887 1839 1013 1875 GHP
1027 1839 1195 1884 fugiendi
1214 1840 1239 1875 d
1259 1840 1265 1886 Ι
1287 1844 1308 1875 6
1334 1841 1440 1876 athe—

95 1886 242 1921 nienses
260 1886 294 1921 G
315 1887 321 1930 1
343 1889 364 1920 8
384 1886 539 1929 singulis
558 1886 604 1921 H
606 1886 615 1906 ¹
639 1888 644 1930 Ι
667 1889 711 1920 10
731 1886 1036 1939 subigensdorum
1059 1887 1096 1921 P
1118 1886 1293 1932 subigens
1314 1887 1440 1923 dolum

94 1934 121 1968 d
147 1935 153 1977 Ι
189 1937 232 1968 13
256 1932 411 1968 numida
434 1933 472 1968 P
496 1935 501 1975 Ι
533 1944 601 1978 per
624 1933 696 1968 hoc
721 1933 746 1968 d
772 1935 778 1978 Ι
810 1932 971 1987 pretium
1004 1943 1087 1968 cum
1118 1934 1365 1980 promisisset,
1397 1946 1442 1969 ea

95 1980 229 2016 Hartel
252 1979 427 2026 promissi
451 1979 523 2016 site
547 1991 570 2015 a
591 1979 626 2015 G
649 1980 842 2024 promissis
867 1979 907 2014 id
925 1990 970 2015 ea
990 1982 1127 2025 (przma
1146 1992 1163 2015 s
1181 1983 1441 2026 superscripta,

95 2027 205 2062 tertia
230 2037 247 2061 s
270 2029 313 2062 in
337 2038 410 2063 ras.
437 2028 514 2071 (sed
542 2037 618 2062 mm
642 2028 659 2060 t
682 2027 838 2071 fuerat),
869 2026 908 2062 id
939 2029 982 2062 in
1010 2030 1101 2072 ras.)
1127 2028 1174 2063 H
1197 2027 1374 2073 promisit
1404 2031 1442 2063 et

96 2084 142 2108 ea
166 2074 205 2108 P
233 2074 468 2109 securitatem
494 2073 667 2119 promisit
691 2074 731 2108 et
753 2084 799 2109 ea.
822 2075 847 2109 d
875 2076 880 2119 Ι
910 2078 954 2109 14
979 2074 1113 2110 adortu
1140 2074 1175 2110 G
1205 2076 1339 2110 abortu
1364 2075 1410 2110 H
1434 2075 1438 2121 Ι

98 2124 142 2156 15
173 2119 312 2165 redigit
334 2121 393 2155 H¹
422 2123 426 2166 Ι
462 2125 504 2157 17
531 2120 731 2166 exopinato
756 2121 803 2157 H
825 2122 831 2165 Ι
866 2125 909 2156 19
935 2131 981 2156 ea
1003 2122 1029 2157 d
1065 2133 1147 2157 eam
1174 2122 1299 2157 GHP
1322 2123 1328 2165 Ι
1361 2133 1440 2157 rem

95 2166 222 2212 ignem
253 2167 311 2202 H¹
338 2169 344 2212 Ι
377 2171 423 2203 20
454 2178 580 2203 omnes
611 2167 657 2203 H
680 2170 685 2211 1
715 2171 760 2202 22
792 2167 1005 2204 Ptolemeus
1036 2169 1071 2205 G
1106 2168 1345 2206 Ptholemeus
1376 2170 1422 2204 H
1430 2168 1442 2188 ¹

97 2213 336 2250 Ptholomeus
358 2215 426 2250 hP
443 2216 449 2260 Ι
470 2215 678 2260 perdictam
698 2214 743 2250 H
750 2214 761 2234 ¹
787 2214 1017 2260 praedictum
1036 2217 1060 2251 h
1081 2218 1087 2261 Ι
1109 2215 1310 2251 exercitum
1334 2215 1437 2261 GH{

97 2264 143 2295 24
169 2263 338 2305 ater-gum
356 2261 394 2296 P
415 2273 438 2297 a
459 2263 565 2305 tergo
584 2263 609 2297 d
631 2263 636 2305 Ι
658 2261 854 2297 sarmentis
870 2261 1069 2309 Wesselinq
1088 2263 1274 2308 carpentis
1296 2262 1382 2298 GH
1389 2264 1442 2298 P

97 2307 143 2350 cf.
168 2307 262 2353 Poly
264 2319 342 2343 aen.
361 2311 396 2350 4,
414 2311 472 2344 19.
509 2308 639 2344 Front.
660 2312 699 2352 2,
717 2311 752 2352 4,
770 2312 791 2344 1
826 2310 833 2354 1
865 2312 911 2344 26
936 2310 1152 2345 excitabant
1179 2308 1232 2354 G,
1261 2311 1358 2354 quod
1382 2311 1441 2346 de—

97 2355 214 2398 fendit
239 2355 471 2391 Zechmeister

1466 775 1512 806 10

1468 1068 1513 1100 15

1466 1362 1515 1394 20

1465 1656 1513 1688 25
