1612 2488
554 105 702 142 LIBER
725 105 752 141 L
790 103 893 140 GAP.
922 107 976 139 11.
1382 99 1439 143 33

187 215 254 258 10.
288 214 478 257 Pericles
516 213 601 255 dux
631 211 963 255 Atheniensium
999 210 1185 252 initurus
1215 209 1440 264 proelium,

93 289 191 318 cum
216 272 596 316 animaduertisset
617 272 779 322 lucum,
808 285 860 312 ex
885 284 970 325 quo
994 272 1176 324 utraque
1202 268 1316 310 acies
1342 282 1440 310 con-

94 332 205 390 spici
233 334 423 388 poterat,
454 330 734 373 densissimae
760 329 1011 384 opacitatis,
1041 331 1217 370 uastum
1247 326 1442 382 alioquin

93 395 138 435 et
161 391 256 435 Diti
285 391 403 446 patri
427 404 615 443 sacrum,
644 388 833 445 ingentis
864 387 953 430 illic
984 389 1177 429 staturae
1207 385 1441 440 hominem,

95 450 323 494 altissimis
355 449 547 492 coturnis
578 451 622 490 et
645 450 765 490 ueste
795 460 1014 502 purpurea
1037 445 1144 499 (ac)
1171 459 1293 487 coma
1317 458 1441 486 uene-
1466 456 1488 487 5

95 509 296 564 rabilem,
325 508 372 550 in
401 522 527 551 curru
550 506 830 550 candidorum
854 519 1061 560 equorum
1087 503 1318 546 sublimem
1342 517 1441 546 con-

95 568 256 622 stituit,
293 567 368 622 qui
403 566 505 609 dato
542 565 667 622 signo
703 578 875 620 pugnae
910 563 1221 619 proueheretur
1256 565 1301 605 et
1337 575 1443 604 uoce

95 626 307 669 Periclem
335 625 510 668 nomine
541 624 767 680 appellans
805 622 1104 665 cohortaretur
1134 636 1232 664 eum
1263 620 1443 663 diceret-

94 699 178 740 que
209 685 311 727 deos
342 683 681 726 Atheniensibus
719 681 886 724 adesse:
923 696 1009 736 quo
1046 695 1182 736 paene
1212 682 1313 723 ante
1344 693 1442 722 con·

93 744 255 787 iectum
283 743 362 785 teli
390 742 541 785 hostes
571 745 695 797 terga
724 743 958 783 uerterunt·
1471 750 1515 781 10

186 803 255 845 11.
294 801 343 844 L.
369 800 508 856 Sulla,
539 814 623 856 quo
654 799 917 855 paratiorem
947 799 1132 841 militem
1164 797 1219 840 ad
1248 811 1442 853 pugnan-

96 861 199 903 dum
239 860 437 914 haberet,
478 859 669 914 praedici
712 858 798 900 sibi
835 873 861 899 a
896 857 979 899 diis
1021 857 1171 899 futura
1210 855 1444 898 simulauit.

96 922 317 975 postremo
348 918 481 960 etiam
511 918 559 959 in
589 920 823 972 conspectu
853 916 1083 970 exercitus,
1114 914 1369 971 priusquam
1397 914 1445 956 in

97 977 234 1020 aciem
257 976 549 1031 descenderet„
574 976 748 1031 signum
771 975 962 1017 modicae
986 973 1305 1028 amplitudinis,
1330 973 1445 1028 quod

96 1035 280 1091 Delphis
299 1035 548 1089 sustulerat,
568 1035 720 1077 orabat
738 1034 1013 1089 petebatque,
1030 1032 1291 1088 promissam
1310 1033 1445 1075 uicto-
1472 1043 1515 1076 15

97 1094 208 1136 riam
237 1096 486 1136 maturaret.

189 1153 256 1195 12.
286 1151 333 1195 C.
354 1151 517 1194 Marius
548 1166 699 1208 sagam
730 1151 947 1206 quandam
978 1165 1031 1192 ex
1061 1149 1186 1205 Syria
1215 1149 1389 1204 habuit,
1420 1164 1445 1191 a

99 1226 184 1267 qua
209 1225 255 1253 se
280 1211 603 1253 dimicationum
628 1212 807 1252 euentus
838 1209 1107 1265 praediscere
1138 1208 1385 1251 simulabat.

190 1270 258 1313 13.
294 1269 342 1319 Q.
368 1268 602 1324 Sertorius,
633 1283 729 1311 cum
759 1269 947 1311 barbaro
978 1271 1022 1310 et
1052 1268 1239 1310 rationis
1269 1267 1447 1309 indocili

99 1328 239 1370 milite
268 1331 479 1382 uteretur,
510 1342 681 1370 ceruam
708 1326 935 1369 candidam
959 1326 1143 1382 insignis
1173 1326 1338 1368 formae
1368 1340 1446 1381 per
1472 1337 1518 1369 20

98 1386 366 1429 Lusitaniam
414 1386 597 1429 ducebat
641 1390 685 1428 et
727 1386 782 1428 ab
826 1400 876 1428 ea
919 1399 965 1427 se
1010 1399 1118 1440 quae
1161 1384 1329 1441 agenda
1372 1387 1449 1426 aut

99 1444 280 1488 uitanda
321 1447 483 1499 essent,
524 1458 804 1499 praenoscere
842 1444 1143 1498 adseuerabat,
1185 1446 1235 1486 ut
1270 1443 1447 1485 barbari

101 1503 156 1546 ad
186 1504 332 1546 omnia
360 1506 585 1558 tamquam
616 1503 823 1546 diuinitus
853 1503 1067 1558 imperata
1098 1501 1360 1544 oboedirent.

191 1561 306 1615 [Hoc
342 1576 498 1618 genere
535 1564 878 1617 strategematon
913 1576 1003 1604 non
1036 1563 1211 1603 tantum
1241 1575 1292 1602 ea
1321 1564 1447 1616 parte

55 1672 60 1675 Π
100 1620 308 1662 utendum
339 1623 422 1672 est,
459 1635 544 1676 qua
573 1621 783 1675 inperitos
813 1620 1157 1663 existimabimus
1189 1633 1301 1674 esse,
1333 1618 1448 1674 apud
1474 1630 1518 1662 25

102 1692 210 1733 quos
233 1678 301 1720 his
325 1681 515 1730 utemur,
543 1679 619 1720 sed
644 1679 780 1721 multo
806 1678 949 1734 magis
974 1693 1042 1732 ea,
1068 1693 1154 1733 qua
1177 1678 1286 1720 talia
1310 1680 1449 1731 erunt,

104 1750 212 1791 quae
247 1737 626 1791 excogitabuntur‚
662 1740 712 1778 ut
742 1751 769 1778 a
799 1737 881 1778 diis
913 1739 1158 1779 monstrata
1188 1735 1446 1789 credantur]

194 1795 261 1836 14.
291 1794 534 1837 Alexander
556 1794 735 1849 Macedo
761 1794 1079 1837 sacrificaturus
1109 1795 1334 1850 inscripsit
1361 1809 1447 1836 me-

102 1852 344 1896 dicamento
387 1853 631 1909 haruspicis
674 1867 869 1907 manum,
912 1867 1043 1908 quam
1084 1853 1158 1895 ille
1201 1853 1311 1895 extis
1355 1857 1449 1895 erat

103 1913 418 1967 suppositurus.
465 1913 638 1954 litterae
669 1911 974 1967 significabant
1003 1912 1232 1955 uictoriam
1262 1912 1447 1954 Alexan-
1473 1923 1519 1955 30

197 2007 219 2039 3
243 2003 385 2049 poterit
407 2003 454 2039 Η
483 2007 488 2049 1
522 2007 543 2040 5
569 2015 613 2039 ac
636 2005 755 2050 sumu.
780 2004 806 2039 d
838 2005 844 2048 Ι
883 2008 905 2039 6
930 2003 1116 2039 sublimen
1134 2003 1181 2039 H
1209 2005 1215 2048 Ι
1250 2007 1269 2038 7
1294 2004 1388 2048 forte
1412 2005 1451 2040 et

103 2049 298 2132 <ma-gna&
320 2061 412 2086 uoce
434 2053 440 2096 Ι
461 2054 484 2103 ξ
502 2051 674 2104 periclen
693 2051 731 2086 P
748 2053 753 2094 1
774 2049 922 2086 nomine
946 2061 1014 2087 om.
1033 2052 1058 2087 d
1077 2053 1085 2096 ξ
1106 2056 1128 2087 9
1154 2051 1246 2098 quo]
1271 2051 1336 2095 qui
1354 2051 1415 2086 Η1
1442 2052 1446 2097 ί

102 2106 223 2141 poene
323 2098 515 2142 pertemti
540 2098 633 2134 Oud.
661 2099 668 2142 1
689 2097 748 2144 :11
774 2099 936 2143 exempla
961 2101 1103 2134 11—13
1134 2099 1218 2134 eicit
1247 2097 1452 2142 Woelfflin:

104 2143 393 2197 cf.13raefi§9
422 2146 427 2189 Ι
461 2144 691 2190 syllaHPl
728 2148 771 2179 12
797 2143 1450 2191 diistiaHantecorr.etP3

106 2193 149 2225 17
175 2191 399 2234 signamH¹
424 2193 619 2236 sagnamh
641 2194 646 2236 Ι
668 2191 924 2236 quandamH,
946 2193 1009 2228 sed
1030 2204 1057 2227 n
1080 2192 1283 2236 immam
1310 2195 1357 2227 20
1380 2191 1452 2227 mi-

104 2235 192 2272 lites
210 2237 270 2271 Ηι
293 2237 413 2273 limite
438 2238 499 2282 ΡΙ
528 2242 576 2274 24
599 2239 679 2274 Hoc
701 2259 745 2264 -
765 2238 962 2274 credantur
985 2239 1087 2275 eiecit
1111 2238 1235 2274 stac..-
1260 2238 1308 2281 ef.
1330 2239 1451 2283 praef.

104 2281 195 2328 §91
217 2285 1049 2331 25quamP1existimauimusH126qnad
1073 2296 1144 2330 que
1162 2285 1221 2320 H¹
1245 2285 1451 2332 quaehP1

109 2339 154 2365 ea
171 2329 281 2365 utilia
298 2332 408 2366 erunt
421 2331 514 2368 Oua.
537 2334 542 2376 Ι
564 2337 609 2368 2⁷
629 2344 652 2368 a
671 2331 761 2379 diis]
781 2332 888 2368 adhis
901 2333 939 2368 P
956 2337 961 2376 ἰ
983 2334 1048 2368 ata
1066 2333 1264 2368 credantur
1281 2332 1323 2367 in
1341 2342 1414 2368 ras.
1427 2333 1452 2367 h

176 2395 361 2421 Fnonmts
380 2396 425 2422 ed.
446 2396 669 2423 Gundermann.
1216 2391 1238 2421 3
