1612 2488
513 129 660 166 LIBER
681 128 727 166 11.
764 129 867 166 CAP.
892 132 997 165 2—3.
1371 128 1429 170 4¹¹1

83 238 315 292 exercitus,
354 238 448 293 ipse
491 239 671 293 optuma
714 240 835 292 parte
872 236 1031 279 uirium
1069 251 1242 279 suarum
1280 237 1428 280 dextro

84 310 216 340 cornu
246 299 387 339 totam
417 296 631 338 circumiit
661 296 794 338 aciem
824 295 1015 338 hostium
1047 299 1092 338 et
1121 296 1290 338 auertit.

170 356 211 397 4.
242 355 289 397 Ρ.
308 353 533 398 Cornelius
558 353 721 410 Scipio,
754 355 820 397 cui
850 357 1004 410 postea
1034 354 1239 397 Africano
1271 369 1429 412 cogno*

82 427 183 456 men
210 413 313 467 fuit,
344 414 548 456 aduersus
579 413 897 456 Hasdrubalem
928 413 1171 456 Poenorum
1201 413 1351 457 ducem
1381 415 1429 457 in

81 471 295 527 Hispania
330 486 483 528 gerens
519 472 680 514 bellum
717 473 781 514 ita
816 486 895 527 per
930 472 1159 514 continuos
1193 472 1284 515 dies
1315 473 1426 516 ordi·

80 534 232 573 natum
261 531 465 586 produxit
494 531 745 585 exercitum,
780 535 831 573 ut
861 531 1004 573 media
1034 532 1146 574 acies
1178 531 1427 575 fortissimis

79 588 342 632 fundaretur.
402 590 477 632 sed
518 603 614 632 cum
658 589 805 632 hostes
850 604 1018 645 quoque
1062 590 1212 632 eadem
1257 592 1428 634 ratione

81 647 256 691 adsidue
287 648 474 691 ordinati
504 648 804 703 procederent,
842 647 986 704 Scipio
1019 663 1069 691 eo
1100 649 1184 703 die,
1224 664 1308 705 quo
1340 653 1428 693 sta-

79 709 223 749 tuerat
252 706 496 762 decernere,
527 708 811 750 commutauit
841 708 1139 750 instructionis
1165 708 1359 751 ordinem
1384 712 1427 751 et

78 765 349 808 firmissimos
382 766 443 820 [id
470 769 535 808 est
559 767 840 822 legionarios]
873 767 919 808 in
949 766 1150 809 cornibus
1181 768 1426 810 conlocauit

79 838 130 866 ac
164 823 303 866 leuem
340 828 604 867 armaturam
642 826 687 867 in
724 825 866 866 media
909 825 1017 879 acie,
1060 826 1134 867 sed
1175 829 1426 869 retractam:

78 882 142 924 ita
181 883 399 937 cornibus,
441 884 596 939 quibus
636 884 730 938 ipse
772 883 1066 938 praeualebat,
1109 884 1425 927 infirmissimae

78 941 270 983 hostium
300 945 446 997 partes
477 942 629 983 lunata
659 942 750 984 acie
781 942 1012 998 adgressus
1042 943 1168 985 facile
1197 943 1323 986 fudit.

168 999 207 1042 5.
238 999 439 1042 Metellus
464 1000 511 1042 in
534 999 769 1055 Hispania‚·
784 1015 834 1043 eo
858 1002 1024 1055 proelio
1050 1016 1134 1057 quo
1159 1001 1424 1045 Hirtuleium

78 1057 253 1113 deuicit,
289 1073 387 1101 cum
417 1060 697 1114 comperisset
728 1059 926 1102 cohortes
959 1061 1068 1114 eius,
1107 1075 1216 1116 quae
1247 1062 1422 1104 ualidis·

78 1116 213 1159 simae
237 1118 518 1172 uocabantur,
548 1118 593 1160 in
618 1118 759 1160 media
783 1118 874 1160 acie
904 1120 1088 1173 locatas,
1117 1120 1210 1174 ipse
1235 1120 1423 1163 mediam

79 1189 252 1218 suorum
288 1176 423 1219 aciem
459 1176 646 1230 reduxit,
685 1191 740 1219 ne
778 1191 827 1219 ea
863 1181 986 1233 parte
1025 1181 1124 1220 ante
1161 1193 1259 1220 cum
1296 1179 1423 1222 hoste

77 1233 347 1290 confligeret,
374 1249 503 1290 quam
527 1236 727 1278 cornibus
753 1237 1020 1291 complicatis
1046 1237 1211 1280 medios
1235 1238 1422 1294 undique

78 1292 442 1336 circumuenisset.

166 1351 206 1393 6.
235 1352 495 1394 Artaxerxes
522 1352 727 1394 aduersus
753 1352 956 1408 Graecos,
987 1355 1061 1408 qui
1085 1354 1263 1397 Persida
1290 1356 1421 1397 intra-

77 1412 241 1464 uemnt,
270 1424 366 1452 cum
390 1411 664 1453 multitudine
690 1416 923 1467 superaret,
953 1413 1083 1455 latius
1110 1427 1239 1468 quam
1270 1414 1420 1456 hostes

77 1468 167 1509 acie
195 1467 408 1511 instructa
437 1470 483 1512 in
512 1469 655 1513 fronte
680 1470 945 1526 <peditem>,
978 1472 1166 1527 equitem
1197 1473 1421 1528 leuemque

76 1529 336 1569 armaturam
366 1528 413 1570 in
444 1529 644 1571 cornibus
670 1530 927 1572 conlocauit:
959 1533 1087 1586 atque
1118 1531 1182 1573 ita
1212 1545 1264 1573 ex
1294 1532 1420 1574 indu-

76 1585 182 1627 stria
221 1586 379 1628 lentius
421 1587 676 1642 procedente
719 1588 861 1630 media
904 1589 993 1631 acie
1036 1589 1184 1644 copias
1227 1590 1421 1633 hostium

55 1643 211 1685 -cinxit
241 1645 490 1699 ceciditque.

166 1701 203 1743 7.
246 1699 407 1744 Contra
442 1703 662 1745 Hannibal
700 1704 753 1745 ad
785 1703 956 1748 Cannas
992 1706 1179 1747 reductis
1218 1707 1420 1749 cornibus

73 1759 362 1815 productaque
392 1761 532 1803 media
563 1762 653 1804 acie
677 1766 851 1805 nostros
882 1763 1021 1818 primo
1050 1764 1215 1818 impetu
1247 1769 1419 1820 protru-

75 1817 143 1858 sit.
194 1818 308 1860 idem
340 1823 538 1862 conserto
567 1821 750 1875 proelio,
786 1821 997 1875 paulatim
1026 1821 1212 1864 inuicem
1243 1824 1419 1866 sinuan-

72 1875 189 1918 tibus
220 1878 633 1934 procedentibusque
664 1879 718 1921 ad
741 1883 1017 1935 praeceptum
1042 1882 1263 1937 cornibus,
1294 1883 1418 1925 auide

73 1934 371 1990 insequentem
407 1936 579 1979 hostem
615 1938 662 1979 in
698 1938 883 1980 mediam
921 1938 1053 1980 aciem
1092 1955 1215 1982 suam
1252 1942 1418 1997 recepit

169 2030 189 2060 1
214 2027 359 2072 optima
383 2029 408 2064 d
428 2030 435 2072 Ι
464 2030 577 2065 uerba
602 2029 732 2064 dextro
758 2040 873 2065 cornu
897 2031 1074 2066 immerito
1095 2036 1264 2077 suspecta
1287 2034 1419 2070 habuit

73 2072 178 2108 Stew.
209 2075 215 2118 Ι
253 2078 275 2109 2
301 2074 434 2111 circuit
457 2075 515 2111 Ηι
553 2075 724 2111 circumit
746 2077 770 2111 h
802 2078 809 2122 Ι
842 2081 863 2112 3
890 2076 1015 2122 Scipio
1039 2089 1106 2114 om.
1135 2078 1173 2113 P
1196 2082 1203 2122 Ι
1243 2084 1263 2115 7
1289 2080 1417 2116 hostes

73 2130 139 2154 om.
153 2119 211 2155 Ηι
231 2121 239 2165 Ι
261 2124 306 2156 10
323 2121 364 2156 id
382 2123 441 2157 est
458 2122 684 2169 legionarios
708 2123 841 2159 deleuit
858 2123 1073 2171 Waeselinq:
1097 2126 1143 2169 cf.
1157 2127 1278 2171 praef.
1300 2126 1387 2173 §13
1409 2128 1414 2172 Ι

73 2165 314 2202 cornubusH
327 2171 411 2204 ante
427 2180 500 2205 ras.
523 2171 530 2213 Ι
554 2173 596 2205 15
616 2170 787 2205 cohortes
810 2181 877 2206 om.
893 2171 931 2206 P
948 2172 954 2215 Ι
977 2175 1021 2207 16
1045 2172 1284 2209 iactabantur
1302 2174 1415 2209 Grcm.

71 2213 296 2249 uidebantur
318 2214 508 2260 Woelfflin
528 2218 535 2261 Ι
570 2220 614 2252 18
639 2216 857 2262 confligeret
881 2219 920 2253 et
937 2218 985 2254 H
1005 2219 1012 2265 Ι
1039 2218 1248 2265 confligatis
1268 2221 1306 2256 P
1332 2231 1416 2265 pro-

71 2259 211 2304 fligatis
237 2261 342 2297 Mod.
374 2262 599 2299 conflictatis
622 2264 789 2301 Eussmr
809 2266 814 2307 1
846 2267 892 2300 20
915 2265 1154 2302 Artarxerxes
1173 2266 1232 2311 Pl
1252 2266 1418 2311 persidia

71 2306 131 2388 g:
160 2306 347 2351 persidam
371 2309 408 2343 P
413 2316 450 2391 11)
468 2313 513 2345 22
537 2310 704 2356 peditem
728 2312 913 2357 suppleuit
935 2312 1102 2349 Eussner
1129 2316 1134 2356 l
1165 2317 1211 2348 24
1237 2314 1319 2349 acie
1342 2324 1410 2350 om.

158 2357 163 2397 Ι
194 2357 240 2389 30
263 2354 303 2390 in
327 2365 392 2392 om.

1452 487 1475 520 5

1452 781 1497 813 10

1450 1074 1493 1106 15

1446 1367 1491 1399 20

1442 1953 1488 1986 30
