<?xml version="1.0" encoding="UTF-8"?>
<!DOCTYPE html PUBLIC "-//W3C//DTD XHTML 1.0 Transitional//EN"
    "http://www.w3.org/TR/xhtml1/DTD/xhtml1-transitional.dtd">
<html xmlns="http://www.w3.org/1999/xhtml" xml:lang="en" lang="en">
 <head>
  <title>
</title>
<meta http-equiv="Content-Type" content="text/html;charset=utf-8" />
  <meta name='ocr-system' content='tesseract 3.04.00' />
  <meta name='ocr-capabilities' content='ocr_page ocr_carea ocr_par ocr_line ocrx_word'/>
</head>
<body>
  <div class='ocr_page' id='page_1' title='image "./strategematonlib00fronuoft_0043.png"; bbox 0 0 1612 2488; ppageno 0'>
   <div class='ocr_carea' id='block_1_1' title="bbox 550 111 1425 154">
    <p class='ocr_par' dir='ltr' id='par_1_1' title="bbox 550 111 1425 154">
     <span class='ocr_line' id='line_1_1' title="bbox 550 111 1425 154; baseline 0.008 -7"><span class='ocrx_word' id='word_1_1' title='bbox 550 111 696 148; x_wconf 83' lang='lat' dir='ltr'>LIBER</span> <span class='ocrx_word' id='word_1_2' title='bbox 720 111 748 148; x_wconf 92' lang='grc' dir='ltr'>Ι.</span> <span class='ocrx_word' id='word_1_3' title='bbox 787 111 890 149; x_wconf 84' lang='lat' dir='ltr'>CAP.</span> <span class='ocrx_word' id='word_1_4' title='bbox 916 116 949 148; x_wconf 87' lang='grc'>5.</span> <span class='ocrx_word' id='word_1_5' title='bbox 1370 111 1425 154; x_wconf 87' lang='grc'>19</span> 
     </span>
    </p>
   </div>
   <div class='ocr_carea' id='block_1_2' title="bbox 62 219 1427 1976">
    <p class='ocr_par' dir='ltr' id='par_1_2' title="bbox 75 219 1425 335">
     <span class='ocr_line' id='line_1_2' title="bbox 78 219 1425 276; baseline -0.001 -14"><span class='ocrx_word' id='word_1_6' title='bbox 78 220 255 263; x_wconf 88' lang='lat' dir='ltr'>minime</span> <span class='ocrx_word' id='word_1_7' title='bbox 302 219 651 276; x_wconf 72' lang='lat' dir='ltr'><strong>exspectabatur,</strong></span> <span class='ocrx_word' id='word_1_8' title='bbox 703 235 781 276; x_wconf 91' lang='lat' dir='ltr'>per</span> <span class='ocrx_word' id='word_1_9' title='bbox 829 220 1039 263; x_wconf 88' lang='lat' dir='ltr'>stationes</span> <span class='ocrx_word' id='word_1_10' title='bbox 1088 220 1281 263; x_wconf 88' lang='lat' dir='ltr'>hostium</span> <span class='ocrx_word' id='word_1_11' title='bbox 1330 234 1425 275; x_wconf 91' lang='lat' dir='ltr'>per-</span> 
     </span>
     <span class='ocr_line' id='line_1_3' title="bbox 75 279 204 335; baseline 0 -14"><span class='ocrx_word' id='word_1_12' title='bbox 75 279 204 335; x_wconf 84' lang='lat' dir='ltr'>rupit.</span> 
     </span>
    </p>

    <p class='ocr_par' dir='ltr' id='par_1_3' title="bbox 77 337 1427 630">
     <span class='ocr_line' id='line_1_4' title="bbox 169 337 1426 394; baseline -0.002 -13"><span class='ocrx_word' id='word_1_13' title='bbox 169 339 236 382; x_wconf 88' lang='lat'>13.</span> <span class='ocrx_word' id='word_1_14' title='bbox 266 338 311 380; x_wconf 94' lang='lat' dir='ltr'>L.</span> <span class='ocrx_word' id='word_1_15' title='bbox 330 337 484 380; x_wconf 86' lang='lat' dir='ltr'>Furius</span> <span class='ocrx_word' id='word_1_16' title='bbox 515 338 706 380; x_wconf 81' lang='lat' dir='ltr'>exercitu</span> <span class='ocrx_word' id='word_1_17' title='bbox 737 338 942 394; x_wconf 89' lang='lat' dir='ltr'>perducto</span> <span class='ocrx_word' id='word_1_18' title='bbox 974 338 1020 380; x_wconf 90' lang='lat' dir='ltr'>in</span> <span class='ocrx_word' id='word_1_19' title='bbox 1050 338 1194 380; x_wconf 88' lang='lat' dir='ltr'>locum</span> <span class='ocrx_word' id='word_1_20' title='bbox 1218 338 1426 393; x_wconf 90' lang='lat' dir='ltr'>iniquum,</span> 
     </span>
     <span class='ocr_line' id='line_1_5' title="bbox 78 396 1427 451; baseline -0.001 -11"><span class='ocrx_word' id='word_1_21' title='bbox 78 412 174 440; x_wconf 90' lang='lat' dir='ltr'>cum</span> <span class='ocrx_word' id='word_1_22' title='bbox 218 396 517 440; x_wconf 88' lang='lat' dir='ltr'>constituisset</span> <span class='ocrx_word' id='word_1_23' title='bbox 553 397 769 439; x_wconf 86' lang='lat' dir='ltr'>occultare</span> <span class='ocrx_word' id='word_1_24' title='bbox 807 396 1144 439; x_wconf 87' lang='lat' dir='ltr'>sollicitudinem</span> <span class='ocrx_word' id='word_1_25' title='bbox 1188 411 1329 451; x_wconf 88' lang='lat' dir='ltr'>suam,</span> <span class='ocrx_word' id='word_1_26' title='bbox 1370 410 1427 438; x_wconf 89' lang='lat' dir='ltr'>ne</span> 
     </span>
     <span class='ocr_line' id='line_1_6' title="bbox 77 455 1424 523; baseline -0.001 -25"><span class='ocrx_word' id='word_1_27' title='bbox 77 457 232 512; x_wconf 86' lang='lat' dir='ltr'><strong>reliqui</strong></span> <span class='ocrx_word' id='word_1_28' title='bbox 251 455 529 512; x_wconf 74' lang='lat' dir='ltr'>trepidarent,</span> <span class='ocrx_word' id='word_1_29' title='bbox 552 455 761 511; x_wconf 89' lang='lat' dir='ltr'>paulatim</span> <span class='ocrx_word' id='word_1_30' title='bbox 786 455 955 498; x_wconf 86' lang='lat' dir='ltr'>inflexit</span> <span class='ocrx_word' id='word_1_31' title='bbox 978 455 1073 509; x_wconf 91' lang='lat' dir='ltr'>iter,</span> <span class='ocrx_word' id='word_1_32' title='bbox 1097 458 1322 523; x_wconf 82' lang='lat' dir='ltr'>tamquam</span> <span class='ocrx_word' id='word_1_33' title='bbox 1345 455 1424 497; x_wconf 87' lang='lat' dir='ltr'>cir-</span> 
     </span>
     <span class='ocr_line' id='line_1_7' title="bbox 78 514 1426 571; baseline -0.001 -14"><span class='ocrx_word' id='word_1_34' title='bbox 78 515 197 558; x_wconf 88' lang='lat' dir='ltr'>cuitu</span> <span class='ocrx_word' id='word_1_35' title='bbox 211 515 374 557; x_wconf 84' lang='lat' dir='ltr'>maiore</span> <span class='ocrx_word' id='word_1_36' title='bbox 386 514 555 557; x_wconf 86' lang='lat' dir='ltr'>hostem</span> <span class='ocrx_word' id='word_1_37' title='bbox 569 514 869 571; x_wconf 80' lang='lat' dir='ltr'>adgressurus.</span> <span class='ocrx_word' id='word_1_38' title='bbox 889 529 1098 557; x_wconf 85' lang='lat' dir='ltr'>conuerso</span> <span class='ocrx_word' id='word_1_39' title='bbox 1113 515 1287 570; x_wconf 84' lang='lat' dir='ltr'>agmine</span> <span class='ocrx_word' id='word_1_40' title='bbox 1305 514 1426 570; x_wconf 87' lang='lat' dir='ltr'>igna-</span> 
     </span>
     <span class='ocr_line' id='line_1_8' title="bbox 78 572 1427 630; baseline -0.001 -14"><span class='ocrx_word' id='word_1_41' title='bbox 78 588 176 616; x_wconf 90' lang='lat' dir='ltr'>rum</span> <span class='ocrx_word' id='word_1_42' title='bbox 206 574 268 617; x_wconf 90' lang='lat' dir='ltr'>rei</span> <span class='ocrx_word' id='word_1_43' title='bbox 297 587 406 630; x_wconf 88' lang='lat' dir='ltr'>quae</span> <span class='ocrx_word' id='word_1_44' title='bbox 444 573 653 630; x_wconf 80' lang='lat' dir='ltr'>agebatur</span> <span class='ocrx_word' id='word_1_45' title='bbox 691 574 923 616; x_wconf 83' lang='lat' dir='ltr'>exercitum</span> <span class='ocrx_word' id='word_1_46' title='bbox 955 573 1214 616; x_wconf 90' lang='lat' dir='ltr'>incolumem</span> <span class='ocrx_word' id='word_1_47' title='bbox 1245 572 1427 615; x_wconf 84' lang='lat' dir='ltr'>reduxit.</span> 
     </span>
    </p>

    <p class='ocr_par' dir='ltr' id='par_1_4' title="bbox 77 630 1426 1097">
     <span class='ocr_line' id='line_1_9' title="bbox 170 630 1426 676; baseline 0 -2"><span class='ocrx_word' id='word_1_48' title='bbox 170 633 237 675; x_wconf 90' lang='lat'>14.</span> <span class='ocrx_word' id='word_1_49' title='bbox 279 631 326 674; x_wconf 90' lang='lat' dir='ltr'>P.</span> <span class='ocrx_word' id='word_1_50' title='bbox 356 630 512 675; x_wconf 83' lang='lat' dir='ltr'>Decius</span> <span class='ocrx_word' id='word_1_51' title='bbox 547 632 747 674; x_wconf 88' lang='lat' dir='ltr'>tribunus</span> <span class='ocrx_word' id='word_1_52' title='bbox 791 632 909 675; x_wconf 92' lang='lat' dir='ltr'>bello</span> <span class='ocrx_word' id='word_1_53' title='bbox 948 631 1186 676; x_wconf 86' lang='lat' dir='ltr'>Samnitico</span> <span class='ocrx_word' id='word_1_54' title='bbox 1223 630 1426 675; x_wconf 87' lang='lat' dir='ltr'>Cornelio</span> 
     </span>
     <span class='ocr_line' id='line_1_10' title="bbox 78 689 1426 747; baseline -0.001 -13"><span class='ocrx_word' id='word_1_55' title='bbox 78 689 214 734; x_wconf 82' lang='lat' dir='ltr'>Cosso</span> <span class='ocrx_word' id='word_1_56' title='bbox 260 691 425 734; x_wconf 82' lang='lat' dir='ltr'>consuli</span> <span class='ocrx_word' id='word_1_57' title='bbox 467 691 624 747; x_wconf 90' lang='lat' dir='ltr'>iniquis</span> <span class='ocrx_word' id='word_1_58' title='bbox 668 691 774 733; x_wconf 91' lang='lat' dir='ltr'>locis</span> <span class='ocrx_word' id='word_1_59' title='bbox 818 691 1085 747; x_wconf 88' lang='lat' dir='ltr'>deprehenso</span> <span class='ocrx_word' id='word_1_60' title='bbox 1130 691 1185 733; x_wconf 89' lang='lat' dir='ltr'>ab</span> <span class='ocrx_word' id='word_1_61' title='bbox 1225 691 1426 733; x_wconf 84' lang='lat' dir='ltr'>hostibus</span> 
     </span>
     <span class='ocr_line' id='line_1_11' title="bbox 77 749 1425 806; baseline -0.001 -13"><span class='ocrx_word' id='word_1_62' title='bbox 77 750 230 804; x_wconf 86' lang='lat' dir='ltr'>suasit,</span> <span class='ocrx_word' id='word_1_63' title='bbox 261 752 311 792; x_wconf 91' lang='lat' dir='ltr'>ut</span> <span class='ocrx_word' id='word_1_64' title='bbox 341 749 395 791; x_wconf 91' lang='lat' dir='ltr'>ad</span> <span class='ocrx_word' id='word_1_65' title='bbox 426 749 722 805; x_wconf 88' lang='lat' dir='ltr'>occupandum</span> <span class='ocrx_word' id='word_1_66' title='bbox 754 750 925 805; x_wconf 90' lang='lat' dir='ltr'>collem,</span> <span class='ocrx_word' id='word_1_67' title='bbox 957 750 1031 805; x_wconf 89' lang='lat' dir='ltr'>qui</span> <span class='ocrx_word' id='word_1_68' title='bbox 1058 753 1153 792; x_wconf 91' lang='lat' dir='ltr'>erat</span> <span class='ocrx_word' id='word_1_69' title='bbox 1179 750 1225 792; x_wconf 92' lang='lat' dir='ltr'>in</span> <span class='ocrx_word' id='word_1_70' title='bbox 1249 751 1425 806; x_wconf 90' lang='lat' dir='ltr'>propin-</span> 
     </span>
     <span class='ocr_line' id='line_1_12' title="bbox 77 808 1426 864; baseline -0.001 -12"><span class='ocrx_word' id='word_1_71' title='bbox 77 823 181 864; x_wconf 92' lang='lat' dir='ltr'>quo,</span> <span class='ocrx_word' id='word_1_72' title='bbox 211 808 424 851; x_wconf 85' lang='lat' dir='ltr'>modicam</span> <span class='ocrx_word' id='word_1_73' title='bbox 455 823 631 851; x_wconf 88' lang='lat' dir='ltr'>manum</span> <span class='ocrx_word' id='word_1_74' title='bbox 663 809 873 862; x_wconf 87' lang='lat' dir='ltr'>mitteret,</span> <span class='ocrx_word' id='word_1_75' title='bbox 908 823 1039 864; x_wconf 89' lang='lat' dir='ltr'>seque</span> <span class='ocrx_word' id='word_1_76' title='bbox 1070 809 1220 851; x_wconf 88' lang='lat' dir='ltr'>ducem</span> <span class='ocrx_word' id='word_1_77' title='bbox 1250 809 1321 851; x_wconf 91' lang='lat' dir='ltr'>his</span> <span class='ocrx_word' id='word_1_78' title='bbox 1352 808 1426 863; x_wconf 92' lang='lat' dir='ltr'>qui</span> 
     </span>
     <span class='ocr_line' id='line_1_13' title="bbox 77 867 1426 910; baseline -0.001 0"><span class='ocrx_word' id='word_1_79' title='bbox 77 867 364 910; x_wconf 85' lang='lat' dir='ltr'>mittebantur</span> <span class='ocrx_word' id='word_1_80' title='bbox 402 867 579 909; x_wconf 90' lang='lat' dir='ltr'>obtulit.</span> <span class='ocrx_word' id='word_1_81' title='bbox 617 869 822 910; x_wconf 82' lang='lat' dir='ltr'>avocatus</span> <span class='ocrx_word' id='word_1_82' title='bbox 859 868 905 910; x_wconf 88' lang='lat' dir='ltr'>in</span> <span class='ocrx_word' id='word_1_83' title='bbox 943 868 1161 910; x_wconf 88' lang='lat' dir='ltr'>diuersum</span> <span class='ocrx_word' id='word_1_84' title='bbox 1191 867 1331 909; x_wconf 89' lang='lat' dir='ltr'>hostis</span> <span class='ocrx_word' id='word_1_85' title='bbox 1364 867 1426 909; x_wconf 87' lang='lat' dir='ltr'>di-</span> 
     </span>
     <span class='ocr_line' id='line_1_14' title="bbox 78 925 1425 982; baseline -0.001 -14"><span class='ocrx_word' id='word_1_86' title='bbox 78 926 198 968; x_wconf 88' lang='lat' dir='ltr'>misit</span> <span class='ocrx_word' id='word_1_87' title='bbox 223 925 462 980; x_wconf 86' lang='lat' dir='ltr'>consulem,</span> <span class='ocrx_word' id='word_1_88' title='bbox 486 925 668 968; x_wconf 90' lang='lat' dir='ltr'>Decium</span> <span class='ocrx_word' id='word_1_89' title='bbox 695 928 839 968; x_wconf 86' lang='lat' dir='ltr'>autem</span> <span class='ocrx_word' id='word_1_90' title='bbox 864 926 1000 969; x_wconf 85' lang='lat' dir='ltr'>cinxit</span> <span class='ocrx_word' id='word_1_91' title='bbox 1024 926 1289 982; x_wconf 88' lang='lat' dir='ltr'>obseditque</span> <span class='ocrx_word' id='word_1_92' title='bbox 1325 926 1425 968; x_wconf 91' lang='lat' dir='ltr'>illas</span> 
     </span>
     <span class='ocr_line' id='line_1_15' title="bbox 78 984 1424 1040; baseline 0.001 -14"><span class='ocrx_word' id='word_1_93' title='bbox 78 999 244 1040; x_wconf 89' lang='lat' dir='ltr'>quoque</span> <span class='ocrx_word' id='word_1_94' title='bbox 270 985 494 1040; x_wconf 86' lang='lat' dir='ltr'>angustias</span> <span class='ocrx_word' id='word_1_95' title='bbox 517 987 648 1027; x_wconf 87' lang='lat' dir='ltr'>noctu</span> <span class='ocrx_word' id='word_1_96' title='bbox 674 985 900 1040; x_wconf 87' lang='lat' dir='ltr'>eruptione</span> <span class='ocrx_word' id='word_1_97' title='bbox 924 984 1043 1027; x_wconf 87' lang='lat' dir='ltr'>facta</span> <span class='ocrx_word' id='word_1_98' title='bbox 1068 999 1162 1028; x_wconf 88' lang='lat' dir='ltr'>cum</span> <span class='ocrx_word' id='word_1_99' title='bbox 1189 985 1424 1027; x_wconf 86' lang='lat' dir='ltr'>frustratus</span> 
     </span>
     <span class='ocr_line' id='line_1_16' title="bbox 78 1042 1424 1097; baseline -0.001 -11"><span class='ocrx_word' id='word_1_100' title='bbox 78 1046 192 1086; x_wconf 88' lang='lat' dir='ltr'>esset</span> <span class='ocrx_word' id='word_1_101' title='bbox 214 1042 390 1097; x_wconf 89' lang='lat' dir='ltr'>Decius,</span> <span class='ocrx_word' id='word_1_102' title='bbox 421 1043 650 1085; x_wconf 89' lang='lat' dir='ltr'>incolumis</span> <span class='ocrx_word' id='word_1_103' title='bbox 680 1057 776 1086; x_wconf 90' lang='lat' dir='ltr'>cum</span> <span class='ocrx_word' id='word_1_104' title='bbox 802 1043 1013 1086; x_wconf 88' lang='lat' dir='ltr'>militibus</span> <span class='ocrx_word' id='word_1_105' title='bbox 1039 1044 1207 1086; x_wconf 92' lang='lat' dir='ltr'>consuli</span> <span class='ocrx_word' id='word_1_106' title='bbox 1231 1044 1424 1086; x_wconf 86' lang='lat' dir='ltr'>accessit.</span> 
     </span>
    </p>

    <p class='ocr_par' dir='ltr' id='par_1_5' title="bbox 62 1100 1426 1729">
     <span class='ocr_line' id='line_1_17' title="bbox 170 1100 1424 1157; baseline 0 -13"><span class='ocrx_word' id='word_1_107' title='bbox 170 1102 237 1144; x_wconf 90' lang='lat'>15.</span> <span class='ocrx_word' id='word_1_108' title='bbox 266 1100 387 1144; x_wconf 90' lang='lat' dir='ltr'>Idem</span> <span class='ocrx_word' id='word_1_109' title='bbox 411 1101 517 1144; x_wconf 87' lang='lat' dir='ltr'>fecit</span> <span class='ocrx_word' id='word_1_110' title='bbox 541 1103 621 1144; x_wconf 92' lang='lat' dir='ltr'>sub</span> <span class='ocrx_word' id='word_1_111' title='bbox 648 1102 784 1144; x_wconf 90' lang='lat' dir='ltr'>Atilio</span> <span class='ocrx_word' id='word_1_112' title='bbox 805 1101 1002 1146; x_wconf 85' lang='lat' dir='ltr'>Calatino</span> <span class='ocrx_word' id='word_1_113' title='bbox 1029 1103 1203 1145; x_wconf 86' lang='lat' dir='ltr'>consule</span> <span class='ocrx_word' id='word_1_114' title='bbox 1228 1103 1279 1157; x_wconf 89' lang='lat' dir='ltr'>is,</span> <span class='ocrx_word' id='word_1_115' title='bbox 1305 1102 1424 1145; x_wconf 90' lang='lat' dir='ltr'>cuius</span> 
     </span>
     <span class='ocr_line' id='line_1_18' title="bbox 75 1159 1425 1216; baseline 0 -13"><span class='ocrx_word' id='word_1_116' title='bbox 75 1161 195 1203; x_wconf 85' lang='lat' dir='ltr'>uarie</span> <span class='ocrx_word' id='word_1_117' title='bbox 224 1159 410 1203; x_wconf 87' lang='lat' dir='ltr'>traditur</span> <span class='ocrx_word' id='word_1_118' title='bbox 439 1175 615 1203; x_wconf 89' lang='lat' dir='ltr'>nomen:</span> <span class='ocrx_word' id='word_1_119' title='bbox 647 1161 720 1203; x_wconf 87' lang='lat' dir='ltr'>alii</span> <span class='ocrx_word' id='word_1_120' title='bbox 751 1160 1001 1216; x_wconf 84' lang='lat' dir='ltr'>Laberium,</span> <span class='ocrx_word' id='word_1_121' title='bbox 1030 1162 1227 1204; x_wconf 87' lang='lat' dir='ltr'>nonnulli</span> <span class='ocrx_word' id='word_1_122' title='bbox 1252 1161 1300 1211; x_wconf 83' lang='lat' dir='ltr'>Q.</span> <span class='ocrx_word' id='word_1_123' title='bbox 1321 1161 1425 1204; x_wconf 85' lang='lat' dir='ltr'>Cae·</span> 
     </span>
     <span class='ocr_line' id='line_1_19' title="bbox 76 1218 1424 1275; baseline 0.001 -14"><span class='ocrx_word' id='word_1_124' title='bbox 76 1219 246 1275; x_wconf 85' lang='lat' dir='ltr'>dicium,</span> <span class='ocrx_word' id='word_1_125' title='bbox 268 1219 443 1274; x_wconf 90' lang='lat' dir='ltr'>plurimi</span> <span class='ocrx_word' id='word_1_126' title='bbox 461 1218 742 1275; x_wconf 74' lang='lat' dir='ltr'>Calpurnium</span> <span class='ocrx_word' id='word_1_127' title='bbox 761 1219 1006 1262; x_wconf 84' lang='lat' dir='ltr'>Flammam</span> <span class='ocrx_word' id='word_1_128' title='bbox 1031 1221 1268 1263; x_wconf 86' lang='lat' dir='ltr'>vocitatum</span> <span class='ocrx_word' id='word_1_129' title='bbox 1294 1221 1424 1275; x_wconf 87' lang='lat' dir='ltr'>scrip-</span> 
     </span>
     <span class='ocr_line' id='line_1_20' title="bbox 77 1278 1426 1322; baseline 0.001 -2"><span class='ocrx_word' id='word_1_130' title='bbox 77 1281 235 1321; x_wconf 85' lang='lat' dir='ltr'>serunt.</span> <span class='ocrx_word' id='word_1_131' title='bbox 300 1278 337 1320; x_wconf 90' lang='lat' dir='ltr'>is</span> <span class='ocrx_word' id='word_1_132' title='bbox 381 1292 478 1320; x_wconf 93' lang='lat' dir='ltr'>cum</span> <span class='ocrx_word' id='word_1_133' title='bbox 522 1279 756 1321; x_wconf 90' lang='lat' dir='ltr'>demissum</span> <span class='ocrx_word' id='word_1_134' title='bbox 808 1280 854 1320; x_wconf 89' lang='lat' dir='ltr'>in</span> <span class='ocrx_word' id='word_1_135' title='bbox 904 1294 999 1321; x_wconf 87' lang='lat' dir='ltr'>eam</span> <span class='ocrx_word' id='word_1_136' title='bbox 1048 1279 1208 1321; x_wconf 88' lang='lat' dir='ltr'>uallem</span> <span class='ocrx_word' id='word_1_137' title='bbox 1256 1279 1426 1322; x_wconf 86' lang='lat' dir='ltr'>uideret</span> 
     </span>
     <span class='ocr_line' id='line_1_21' title="bbox 76 1335 1422 1393; baseline 0.001 -15"><span class='ocrx_word' id='word_1_138' title='bbox 76 1337 326 1392; x_wconf 84' lang='lat' dir='ltr'>exercitum,</span> <span class='ocrx_word' id='word_1_139' title='bbox 363 1338 483 1379; x_wconf 90' lang='lat' dir='ltr'>cuius</span> <span class='ocrx_word' id='word_1_140' title='bbox 521 1335 670 1379; x_wconf 47' lang='lat' dir='ltr'>latera*</span> <span class='ocrx_word' id='word_1_141' title='bbox 695 1337 984 1393; x_wconf 88' lang='lat' dir='ltr'>omnia&lt;que&gt;</span> <span class='ocrx_word' id='word_1_142' title='bbox 1023 1339 1246 1393; x_wconf 87' lang='lat' dir='ltr'>superiora</span> <span class='ocrx_word' id='word_1_143' title='bbox 1282 1338 1422 1380; x_wconf 86' lang='lat' dir='ltr'>hostis</span> 
     </span>
     <span class='ocr_line' id='line_1_22' title="bbox 74 1394 1423 1452; baseline 0.002 -16"><span class='ocrx_word' id='word_1_144' title='bbox 74 1395 304 1450; x_wconf 87' lang='lat' dir='ltr'>insederat,</span> <span class='ocrx_word' id='word_1_145' title='bbox 329 1394 578 1450; x_wconf 88' lang='lat' dir='ltr'>depoposcit</span> <span class='ocrx_word' id='word_1_146' title='bbox 604 1398 648 1438; x_wconf 91' lang='lat' dir='ltr'>et</span> <span class='ocrx_word' id='word_1_147' title='bbox 672 1397 838 1451; x_wconf 88' lang='lat' dir='ltr'>accepit</span> <span class='ocrx_word' id='word_1_148' title='bbox 862 1399 1079 1439; x_wconf 85' lang='lat' dir='ltr'>trecentos</span> <span class='ocrx_word' id='word_1_149' title='bbox 1105 1397 1280 1448; x_wconf 85' lang='lat' dir='ltr'>milites,</span> <span class='ocrx_word' id='word_1_150' title='bbox 1315 1411 1423 1452; x_wconf 90' lang='lat' dir='ltr'>quos</span> 
     </span>
     <span class='ocr_line' id='line_1_23' title="bbox 62 1453 1423 1510; baseline 0.001 -14"><span class='ocrx_word' id='word_1_151' title='bbox 62 1453 352 1508; x_wconf 80' lang='lat' dir='ltr'>adhortatus,</span> <span class='ocrx_word' id='word_1_152' title='bbox 399 1457 448 1496; x_wconf 92' lang='lat' dir='ltr'>ut</span> <span class='ocrx_word' id='word_1_153' title='bbox 488 1455 648 1497; x_wconf 89' lang='lat' dir='ltr'>uirtute</span> <span class='ocrx_word' id='word_1_154' title='bbox 690 1470 768 1497; x_wconf 90' lang='lat' dir='ltr'>sua</span> <span class='ocrx_word' id='word_1_155' title='bbox 811 1456 1043 1498; x_wconf 87' lang='lat' dir='ltr'>exercitum</span> <span class='ocrx_word' id='word_1_156' title='bbox 1088 1458 1327 1510; x_wconf 87' lang='lat' dir='ltr'>seruarent,</span> <span class='ocrx_word' id='word_1_157' title='bbox 1376 1456 1423 1497; x_wconf 91' lang='lat' dir='ltr'>in</span> 
     </span>
     <span class='ocr_line' id='line_1_24' title="bbox 74 1512 1423 1570; baseline 0.002 -16"><span class='ocrx_word' id='word_1_158' title='bbox 74 1512 260 1555; x_wconf 86' lang='lat' dir='ltr'>mediam</span> <span class='ocrx_word' id='word_1_159' title='bbox 302 1513 461 1555; x_wconf 88' lang='lat' dir='ltr'>uallem</span> <span class='ocrx_word' id='word_1_160' title='bbox 505 1513 766 1556; x_wconf 87' lang='lat' dir='ltr'>decucurrit:</span> <span class='ocrx_word' id='word_1_161' title='bbox 815 1517 858 1556; x_wconf 89' lang='lat' dir='ltr'>et</span> <span class='ocrx_word' id='word_1_162' title='bbox 900 1514 953 1556; x_wconf 88' lang='lat' dir='ltr'>ad</span> <span class='ocrx_word' id='word_1_163' title='bbox 998 1514 1302 1570; x_wconf 89' lang='lat' dir='ltr'>opprimendos</span> <span class='ocrx_word' id='word_1_164' title='bbox 1348 1529 1423 1557; x_wconf 92' lang='lat' dir='ltr'>eos</span> 
     </span>
     <span class='ocr_line' id='line_1_25' title="bbox 74 1571 1421 1629; baseline 0.002 -17"><span class='ocrx_word' id='word_1_165' title='bbox 74 1571 262 1626; x_wconf 89' lang='lat' dir='ltr'>undique</span> <span class='ocrx_word' id='word_1_166' title='bbox 299 1571 519 1614; x_wconf 88' lang='lat' dir='ltr'>descendit</span> <span class='ocrx_word' id='word_1_167' title='bbox 555 1573 693 1614; x_wconf 89' lang='lat' dir='ltr'>hostis</span> <span class='ocrx_word' id='word_1_168' title='bbox 729 1573 946 1629; x_wconf 86' lang='lat' dir='ltr'>longoque</span> <span class='ocrx_word' id='word_1_169' title='bbox 984 1576 1028 1615; x_wconf 91' lang='lat' dir='ltr'>et</span> <span class='ocrx_word' id='word_1_170' title='bbox 1064 1588 1217 1628; x_wconf 87' lang='lat' dir='ltr'>aspero</span> <span class='ocrx_word' id='word_1_171' title='bbox 1254 1573 1421 1629; x_wconf 89' lang='lat' dir='ltr'>proelio</span> 
     </span>
     <span class='ocr_line' id='line_1_26' title="bbox 63 1631 1420 1682; baseline 0.002 -11"><span class='ocrx_word' id='word_1_172' title='bbox 63 1632 266 1682; x_wconf 25' lang='lat' dir='ltr'>‘retentus</span> <span class='ocrx_word' id='word_1_173' title='bbox 316 1631 584 1672; x_wconf 89' lang='lat' dir='ltr'>occasionem</span> <span class='ocrx_word' id='word_1_174' title='bbox 633 1631 799 1673; x_wconf 81' lang='lat' dir='ltr'>con’suli</span> <span class='ocrx_word' id='word_1_175' title='bbox 847 1632 901 1673; x_wconf 88' lang='lat' dir='ltr'>ad</span> <span class='ocrx_word' id='word_1_176' title='bbox 944 1632 1255 1674; x_wconf 86' lang='lat' dir='ltr'>extrahendum</span> <span class='ocrx_word' id='word_1_177' title='bbox 1305 1646 1420 1674; x_wconf 84' lang='lat' dir='ltr'>exer-</span> 
     </span>
     <span class='ocr_line' id='line_1_27' title="bbox 75 1687 370 1729; baseline 0 0"><span class='ocrx_word' id='word_1_178' title='bbox 75 1687 210 1729; x_wconf 91' lang='lat' dir='ltr'>citum</span> <span class='ocrx_word' id='word_1_179' title='bbox 241 1688 370 1729; x_wconf 88' lang='lat' dir='ltr'>dedit.</span> 
     </span>
    </p>

    <p class='ocr_par' dir='ltr' id='par_1_6' title="bbox 168 1745 1422 1803">
     <span class='ocr_line' id='line_1_28' title="bbox 168 1745 1422 1803; baseline 0.002 -15"><span class='ocrx_word' id='word_1_180' title='bbox 168 1746 234 1788; x_wconf 90' lang='grc'>16.</span> <span class='ocrx_word' id='word_1_181' title='bbox 265 1745 312 1795; x_wconf 84' lang='lat' dir='ltr'>Q.</span> <span class='ocrx_word' id='word_1_182' title='bbox 331 1746 544 1788; x_wconf 89' lang='lat' dir='ltr'>Minucius</span> <span class='ocrx_word' id='word_1_183' title='bbox 577 1748 724 1790; x_wconf 91' lang='lat' dir='ltr'>consul</span> <span class='ocrx_word' id='word_1_184' title='bbox 754 1747 799 1789; x_wconf 88' lang='lat' dir='ltr'>in</span> <span class='ocrx_word' id='word_1_185' title='bbox 824 1747 1021 1803; x_wconf 87' lang='lat' dir='ltr'>Liguria,</span> <span class='ocrx_word' id='word_1_186' title='bbox 1054 1748 1239 1791; x_wconf 89' lang='lat' dir='ltr'>demisso</span> <span class='ocrx_word' id='word_1_187' title='bbox 1270 1748 1317 1792; x_wconf 87' lang='grc'>111</span> <span class='ocrx_word' id='word_1_188' title='bbox 1348 1748 1422 1791; x_wconf 88' lang='grc'><strong>311-</strong></span> 
     </span>
    </p>

    <p class='ocr_par' dir='ltr' id='par_1_7' title="bbox 74 1826 1421 1967">
     <span class='ocr_line' id='line_1_29' title="bbox 171 1826 1418 1882; baseline 0.003 -21"><span class='ocrx_word' id='word_1_189' title='bbox 171 1830 189 1860; x_wconf 92' lang='grc'>1</span> <span class='ocrx_word' id='word_1_190' title='bbox 217 1837 280 1862; x_wconf 88' lang='lat' dir='ltr'>eru</span> <span class='ocrx_word' id='word_1_191' title='bbox 282 1826 489 1871; x_wconf 78' lang='lat' dir='ltr'>pitdexl.</span> <span class='ocrx_word' id='word_1_192' title='bbox 510 1827 533 1861; x_wconf 87' lang='grc' dir='ltr'>Ζ.</span> <span class='ocrx_word' id='word_1_193' title='bbox 556 1828 604 1871; x_wconf 79' lang='grc'>13</span> <span class='ocrx_word' id='word_1_194' title='bbox 630 1827 1418 1882; x_wconf 67' lang='lat' dir='ltr'>idevnaaeempluml,1,111productodl</span> 
     </span>
     <span class='ocr_line' id='line_1_30' title="bbox 74 1855 1420 1921; baseline 0.002 -13"><span class='ocrx_word' id='word_1_195' title='bbox 74 1875 96 1908; x_wconf 85' lang='lat'>5</span> <span class='ocrx_word' id='word_1_196' title='bbox 120 1873 279 1909; x_wconf 83' lang='lat' dir='ltr'>inflectit</span> <span class='ocrx_word' id='word_1_197' title='bbox 291 1873 337 1908; x_wconf 89' lang='lat' dir='ltr'><strong><em>H</em></strong></span> <span class='ocrx_word' id='word_1_198' title='bbox 341 1873 388 1917; x_wconf 98' lang='lat' dir='ltr'>P</span> <span class='ocrx_word' id='word_1_199' title='bbox 413 1884 505 1909; x_wconf 85' lang='lat' dir='ltr'>corr.</span> <span class='ocrx_word' id='word_1_200' title='bbox 524 1873 625 1918; x_wconf 59' lang='lat' dir='ltr'>edd„-</span> <span class='ocrx_word' id='word_1_201' title='bbox 649 1875 694 1918; x_wconf 83' lang='lat' dir='ltr'>cf.</span> <span class='ocrx_word' id='word_1_202' title='bbox 712 1875 830 1919; x_wconf 80' lang='lat' dir='ltr'>praef.</span> <span class='ocrx_word' id='word_1_203' title='bbox 849 1873 938 1920; x_wconf 78' lang='lat'>§12</span> <span class='ocrx_word' id='word_1_204' title='bbox 958 1878 964 1919; x_wconf 87' lang='grc'>1</span> <span class='ocrx_word' id='word_1_205' title='bbox 985 1855 1183 1921; x_wconf 80' lang='lat' dir='ltr'>tainquam</span> <span class='ocrx_word' id='word_1_206' title='bbox 1209 1875 1240 1910; x_wconf 87' lang='lat' dir='ltr'>si</span> <span class='ocrx_word' id='word_1_207' title='bbox 1260 1876 1301 1910; x_wconf 89' lang='lat' dir='ltr'><strong><em>H</em></strong></span> <span class='ocrx_word' id='word_1_208' title='bbox 1325 1877 1420 1912; x_wconf 88' lang='lat' dir='ltr'>tam-</span> 
     </span>
     <span class='ocr_line' id='line_1_31' title="bbox 74 1920 1421 1976; baseline 0.003 -21"><span class='ocrx_word' id='word_1_209' title='bbox 74 1931 185 1964; x_wconf 84' lang='lat' dir='ltr'>quam</span> <span class='ocrx_word' id='word_1_210' title='bbox 211 1920 263 1955; x_wconf 88' lang='lat' dir='ltr'>sic</span> <span class='ocrx_word' id='word_1_211' title='bbox 288 1920 424 1956; x_wconf 79' lang='lat' dir='ltr'>Hartel</span> <span class='ocrx_word' id='word_1_212' title='bbox 450 1922 455 1965; x_wconf 94' lang='grc' dir='ltr'>Ι</span> <span class='ocrx_word' id='word_1_213' title='bbox 490 1923 511 1956; x_wconf 90' lang='grc'>8</span> <span class='ocrx_word' id='word_1_214' title='bbox 536 1921 630 1956; x_wconf 85' lang='lat' dir='ltr'>idem</span> <span class='ocrx_word' id='word_1_215' title='bbox 655 1922 888 1976; x_wconf 74' lang='lat' dir='ltr'>exemplum—</span> <span class='ocrx_word' id='word_1_216' title='bbox 872 1924 907 1965; x_wconf 96' lang='lat'>4,</span> <span class='ocrx_word' id='word_1_217' title='bbox 926 1925 962 1964; x_wconf 89' lang='lat'>5,</span> <span class='ocrx_word' id='word_1_218' title='bbox 980 1926 1004 1958; x_wconf 86' lang='lat'><em>9</em></span> <span class='ocrx_word' id='word_1_219' title='bbox 1031 1924 1038 1967; x_wconf 84' lang='grc' dir='ltr'>Ι</span> <span class='ocrx_word' id='word_1_220' title='bbox 1066 1922 1245 1958; x_wconf 89' lang='lat' dir='ltr'>decimius</span> <span class='ocrx_word' id='word_1_221' title='bbox 1264 1923 1310 1967; x_wconf 91' lang='lat' dir='ltr'>P,</span> <span class='ocrx_word' id='word_1_222' title='bbox 1336 1925 1421 1959; x_wconf 82' lang='lat' dir='ltr'>item</span> 
     </span>
    </p>
   </div>
   <div class='ocr_carea' id='block_1_3' title="bbox 74 1966 1421 2064">
    <p class='ocr_par' dir='ltr' id='par_1_8' title="bbox 74 1966 1421 2064">
     <span class='ocr_line' id='line_1_32' title="bbox 74 1966 1421 2025; baseline 0.004 -24"><span class='ocrx_word' id='word_1_223' title='bbox 74 1967 177 2011; x_wconf 71' lang='lat' dir='ltr'>infra</span> <span class='ocrx_word' id='word_1_224' title='bbox 197 1969 203 2012; x_wconf 87' lang='grc'>1</span> <span class='ocrx_word' id='word_1_225' title='bbox 229 1967 400 2003; x_wconf 88' lang='lat' dir='ltr'>tribunus</span> <span class='ocrx_word' id='word_1_226' title='bbox 425 1966 590 2002; x_wconf 89' lang='lat' dir='ltr'>militum</span> <span class='ocrx_word' id='word_1_227' title='bbox 614 1969 636 2003; x_wconf 85' lang='grc' dir='ltr'>Ζ.</span> <span class='ocrx_word' id='word_1_228' title='bbox 664 1969 687 2004; x_wconf 89' lang='grc' dir='ltr'>Ζ.</span> <span class='ocrx_word' id='word_1_229' title='bbox 716 1970 722 2013; x_wconf 89' lang='grc' dir='ltr'>Ι</span> <span class='ocrx_word' id='word_1_230' title='bbox 755 1972 776 2004; x_wconf 87' lang='grc'>9</span> <span class='ocrx_word' id='word_1_231' title='bbox 797 1979 898 2005; x_wconf 89' lang='lat' dir='ltr'>cons.</span> <span class='ocrx_word' id='word_1_232' title='bbox 912 1969 959 2004; x_wconf 88' lang='grc' dir='ltr'><strong>Η</strong></span> <span class='ocrx_word' id='word_1_233' title='bbox 965 1969 1001 2005; x_wconf 89' lang='grc' dir='ltr'><strong><em>Ρ</em></strong></span> <span class='ocrx_word' id='word_1_234' title='bbox 1024 1971 1031 2014; x_wconf 88' lang='grc' dir='ltr'>Ι</span> <span class='ocrx_word' id='word_1_235' title='bbox 1063 1973 1108 2005; x_wconf 88' lang='grc'>10</span> <span class='ocrx_word' id='word_1_236' title='bbox 1127 1969 1177 2006; x_wconf 87' lang='lat' dir='ltr'>ad</span> <span class='ocrx_word' id='word_1_237' title='bbox 1195 1971 1421 2025; x_wconf 76' lang='lat' dir='ltr'>occupatum</span> 
     </span>
     <span class='ocr_line' id='line_1_33' title="bbox 74 2013 1418 2064; baseline 0.003 -16"><span class='ocrx_word' id='word_1_238' title='bbox 74 2013 178 2057; x_wconf 87' lang='grc' dir='ltr'>ΗΡ,</span> <span class='ocrx_word' id='word_1_239' title='bbox 207 2026 270 2050; x_wconf 90' lang='lat' dir='ltr'>em.</span> <span class='ocrx_word' id='word_1_240' title='bbox 296 2016 374 2051; x_wconf 78' lang='lat' dir='ltr'>edd</span> <span class='ocrx_word' id='word_1_241' title='bbox 400 2015 490 2050; x_wconf 76' lang='lat' dir='ltr'>exl.</span> <span class='ocrx_word' id='word_1_242' title='bbox 518 2015 541 2050; x_wconf 90' lang='grc' dir='ltr'>Ζ.</span> <span class='ocrx_word' id='word_1_243' title='bbox 569 2019 791 2060; x_wconf 86' lang='lat' dir='ltr'>occupatum</span> <span class='ocrx_word' id='word_1_244' title='bbox 816 2017 841 2051; x_wconf 81' lang='lat' dir='ltr'>d</span> <span class='ocrx_word' id='word_1_245' title='bbox 874 2019 879 2060; x_wconf 78' lang='grc' dir='ltr'>Ι</span> <span class='ocrx_word' id='word_1_246' title='bbox 919 2020 963 2052; x_wconf 91' lang='grc'>11</span> <span class='ocrx_word' id='word_1_247' title='bbox 994 2017 1054 2052; x_wconf 80' lang='lat' dir='ltr'>bis</span> <span class='ocrx_word' id='word_1_248' title='bbox 1080 2016 1161 2064; x_wconf 89' lang='lat' dir='ltr'>qui]</span> <span class='ocrx_word' id='word_1_249' title='bbox 1193 2017 1299 2062; x_wconf 87' lang='lat' dir='ltr'>isque</span> <span class='ocrx_word' id='word_1_250' title='bbox 1325 2017 1383 2052; x_wconf 89' lang='lat' dir='ltr'>H¹</span> <span class='ocrx_word' id='word_1_251' title='bbox 1412 2018 1418 2063; x_wconf 73' lang='grc' dir='ltr'>Ι</span> 
     </span>
    </p>
   </div>
   <div class='ocr_carea' id='block_1_4' title="bbox 75 1805 358 1813">
    <p class='ocr_par' dir='ltr' id='par_1_9' title="bbox 75 1805 358 1813">
     <span class='ocr_line' id='line_1_34' title="bbox 75 1805 358 1813; baseline 0 0"><span class='ocrx_word' id='word_1_252' title='bbox 75 1805 358 1813; x_wconf 95' lang='lat' dir='ltr'> </span> 
     </span>
    </p>
   </div>
   <div class='ocr_carea' id='block_1_5' title="bbox 0 2040 1419 2157">
    <p class='ocr_par' dir='ltr' id='par_1_10' title="bbox 0 2040 1419 2157">
     <span class='ocr_line' id='line_1_35' title="bbox 0 2040 1419 2110; baseline 0.004 -15"><span class='ocrx_word' id='word_1_253' title='bbox 0 2087 1 2110; x_wconf 22' lang='grc' dir='ltr'>ζ</span> <span class='ocrx_word' id='word_1_254' title='bbox 77 2064 120 2095; x_wconf 79' lang='grc'>12</span> <span class='ocrx_word' id='word_1_255' title='bbox 146 2040 301 2097; x_wconf 75' lang='lat' dir='ltr'>diuersis</span> <span class='ocrx_word' id='word_1_256' title='bbox 323 2062 385 2107; x_wconf 77' lang='grc' dir='ltr'>ΡΙ</span> <span class='ocrx_word' id='word_1_257' title='bbox 417 2065 460 2097; x_wconf 82' lang='grc'>14</span> <span class='ocrx_word' id='word_1_258' title='bbox 484 2062 701 2109; x_wconf 78' lang='lat' dir='ltr'>frustratus]</span> <span class='ocrx_word' id='word_1_259' title='bbox 728 2062 912 2099; x_wconf 87' lang='lat' dir='ltr'>eluctatus</span> <span class='ocrx_word' id='word_1_260' title='bbox 930 2064 957 2099; x_wconf 79' lang='lat' dir='ltr'>d</span> <span class='ocrx_word' id='word_1_261' title='bbox 979 2074 1024 2100; x_wconf 79' lang='lat' dir='ltr'>ex</span> <span class='ocrx_word' id='word_1_262' title='bbox 1048 2065 1105 2100; x_wconf 73' lang='grc' dir='ltr'>Ζ.ἶ</span> <span class='ocrx_word' id='word_1_263' title='bbox 1106 2065 1143 2109; x_wconf 83' lang='grc' dir='ltr'>,Ι</span> <span class='ocrx_word' id='word_1_264' title='bbox 1173 2068 1215 2100; x_wconf 84' lang='grc'>16</span> <span class='ocrx_word' id='word_1_265' title='bbox 1240 2065 1335 2100; x_wconf 78' lang='lat' dir='ltr'>idem</span> <span class='ocrx_word' id='word_1_266' title='bbox 1359 2075 1419 2099; x_wconf 76' lang='lat' dir='ltr'>ex-</span> 
     </span>
     <span class='ocr_line' id='line_1_36' title="bbox 0 2108 1416 2157; baseline 0.003 -14"><span class='ocrx_word' id='word_1_267' title='bbox 0 2111 1 2126; x_wconf 63' lang='lat'><em>*</em></span> <span class='ocrx_word' id='word_1_268' title='bbox 73 2108 226 2153; x_wconf 75' lang='lat' dir='ltr'>emplum</span> <span class='ocrx_word' id='word_1_269' title='bbox 250 2111 286 2153; x_wconf 92' lang='grc'>4,</span> <span class='ocrx_word' id='word_1_270' title='bbox 304 2110 432 2153; x_wconf 84' lang='grc'><strong>5,101</strong></span> <span class='ocrx_word' id='word_1_271' title='bbox 462 2121 562 2146; x_wconf 86' lang='lat' dir='ltr'>cons.</span> <span class='ocrx_word' id='word_1_272' title='bbox 590 2109 703 2153; x_wconf 81' lang='grc' dir='ltr'>ΗΡΙ</span> <span class='ocrx_word' id='word_1_273' title='bbox 739 2113 780 2145; x_wconf 81' lang='grc'>17</span> <span class='ocrx_word' id='word_1_274' title='bbox 806 2110 976 2155; x_wconf 84' lang='lat' dir='ltr'>quintum</span> <span class='ocrx_word' id='word_1_275' title='bbox 1002 2111 1086 2146; x_wconf 88' lang='grc' dir='ltr'>ΗΡ</span> <span class='ocrx_word' id='word_1_276' title='bbox 1111 2114 1116 2155; x_wconf 77' lang='grc' dir='ltr'>ι</span> <span class='ocrx_word' id='word_1_277' title='bbox 1146 2110 1325 2147; x_wconf 86' lang='lat' dir='ltr'>ceditium</span> <span class='ocrx_word' id='word_1_278' title='bbox 1351 2111 1387 2146; x_wconf 91' lang='lat' dir='ltr'>P</span> <span class='ocrx_word' id='word_1_279' title='bbox 1411 2112 1416 2157; x_wconf 86' lang='grc' dir='ltr'>Ι</span> 
     </span>
    </p>
   </div>
   <div class='ocr_carea' id='block_1_6' title="bbox 74 2136 1420 2344">
    <p class='ocr_par' dir='ltr' id='par_1_11' title="bbox 74 2136 1420 2344">
     <span class='ocr_line' id='line_1_37' title="bbox 76 2136 1419 2203; baseline 0.003 -15"><span class='ocrx_word' id='word_1_280' title='bbox 76 2157 120 2189; x_wconf 84' lang='grc'>18</span> <span class='ocrx_word' id='word_1_281' title='bbox 145 2136 405 2200; x_wconf 88' lang='lat' dir='ltr'>calphurnium</span> <span class='ocrx_word' id='word_1_282' title='bbox 424 2157 484 2201; x_wconf 87' lang='grc' dir='ltr'>ΡΙ</span> <span class='ocrx_word' id='word_1_283' title='bbox 504 2157 713 2193; x_wconf 83' lang='lat' dir='ltr'>Flammam</span> <span class='ocrx_word' id='word_1_284' title='bbox 739 2157 818 2192; x_wconf 79' lang='lat' dir='ltr'>edd.</span> <span class='ocrx_word' id='word_1_285' title='bbox 836 2168 881 2194; x_wconf 77' lang='lat' dir='ltr'>ex</span> <span class='ocrx_word' id='word_1_286' title='bbox 900 2159 923 2193; x_wconf 93' lang='grc' dir='ltr'>Ζ.</span> <span class='ocrx_word' id='word_1_287' title='bbox 944 2158 965 2194; x_wconf 85' lang='lat'>1.</span> <span class='ocrx_word' id='word_1_288' title='bbox 992 2158 1093 2193; x_wconf 86' lang='lat' dir='ltr'>fama</span> <span class='ocrx_word' id='word_1_289' title='bbox 1111 2158 1196 2193; x_wconf 89' lang='grc' dir='ltr'>ΗΡ</span> <span class='ocrx_word' id='word_1_290' title='bbox 1214 2162 1218 2200; x_wconf 93' lang='grc' dir='ltr'>Ι</span> <span class='ocrx_word' id='word_1_291' title='bbox 1239 2158 1291 2203; x_wconf 89' lang='lat' dir='ltr'>pl.</span> <span class='ocrx_word' id='word_1_292' title='bbox 1318 2158 1419 2193; x_wconf 87' lang='lat' dir='ltr'>fama</span> 
     </span>
     <span class='ocr_line' id='line_1_38' title="bbox 74 2201 1420 2249; baseline 0.003 -14"><span class='ocrx_word' id='word_1_293' title='bbox 74 2211 153 2236; x_wconf 90' lang='lat' dir='ltr'>uoc.</span> <span class='ocrx_word' id='word_1_294' title='bbox 179 2202 238 2237; x_wconf 84' lang='lat' dir='ltr'>cal</span> <span class='ocrx_word' id='word_1_295' title='bbox 238 2201 409 2247; x_wconf 88' lang='lat' dir='ltr'>purnium</span> <span class='ocrx_word' id='word_1_296' title='bbox 430 2204 476 2238; x_wconf 92' lang='lat' dir='ltr'><strong><em>H</em></strong></span> <span class='ocrx_word' id='word_1_297' title='bbox 492 2205 499 2249; x_wconf 83' lang='lat'>1</span> <span class='ocrx_word' id='word_1_298' title='bbox 533 2208 577 2240; x_wconf 83' lang='lat'>19</span> <span class='ocrx_word' id='word_1_299' title='bbox 602 2204 634 2239; x_wconf 86' lang='lat' dir='ltr'>is</span> <span class='ocrx_word' id='word_1_300' title='bbox 653 2204 700 2239; x_wconf 90' lang='lat' dir='ltr'><strong><em>H</em></strong></span> <span class='ocrx_word' id='word_1_301' title='bbox 719 2203 781 2239; x_wconf 89' lang='lat' dir='ltr'>hic</span> <span class='ocrx_word' id='word_1_302' title='bbox 802 2204 839 2239; x_wconf 93' lang='lat' dir='ltr'>P</span> <span class='ocrx_word' id='word_1_303' title='bbox 863 2207 869 2248; x_wconf 86' lang='grc' dir='ltr'>Ι</span> <span class='ocrx_word' id='word_1_304' title='bbox 899 2204 1093 2240; x_wconf 80' lang='lat' dir='ltr'>dimissum</span> <span class='ocrx_word' id='word_1_305' title='bbox 1113 2205 1211 2249; x_wconf 87' lang='grc' dir='ltr'>ΗΡ,</span> <span class='ocrx_word' id='word_1_306' title='bbox 1236 2216 1298 2240; x_wconf 84' lang='lat' dir='ltr'>em.</span> <span class='ocrx_word' id='word_1_307' title='bbox 1325 2205 1350 2239; x_wconf 81' lang='lat' dir='ltr'>d</span> <span class='ocrx_word' id='word_1_308' title='bbox 1375 2216 1420 2240; x_wconf 74' lang='lat' dir='ltr'>ex</span> 
     </span>
     <span class='ocr_line' id='line_1_39' title="bbox 74 2248 1420 2297; baseline 0.003 -15"><span class='ocrx_word' id='word_1_309' title='bbox 74 2248 242 2292; x_wconf 75' lang='lat' dir='ltr'>1.l.120</span> <span class='ocrx_word' id='word_1_310' title='bbox 261 2249 386 2285; x_wconf 89' lang='lat' dir='ltr'>omnia</span> <span class='ocrx_word' id='word_1_311' title='bbox 404 2250 498 2294; x_wconf 86' lang='grc' dir='ltr'>ΗΡ,</span> <span class='ocrx_word' id='word_1_312' title='bbox 522 2263 584 2287; x_wconf 86' lang='lat' dir='ltr'>em.</span> <span class='ocrx_word' id='word_1_313' title='bbox 614 2251 707 2286; x_wconf 78' lang='lat' dir='ltr'>Oud.</span> <span class='ocrx_word' id='word_1_314' title='bbox 732 2262 777 2286; x_wconf 79' lang='lat' dir='ltr'>ex</span> <span class='ocrx_word' id='word_1_315' title='bbox 802 2251 824 2286; x_wconf 96' lang='grc' dir='ltr'>Ζ.</span> <span class='ocrx_word' id='word_1_316' title='bbox 844 2252 867 2287; x_wconf 91' lang='grc' dir='ltr'>Ζ.</span> <span class='ocrx_word' id='word_1_317' title='bbox 890 2253 900 2294; x_wconf 75' lang='grc' dir='ltr'><strong>ῑ</strong></span> <span class='ocrx_word' id='word_1_318' title='bbox 929 2255 973 2287; x_wconf 83' lang='lat'>21</span> <span class='ocrx_word' id='word_1_319' title='bbox 1001 2251 1257 2297; x_wconf 79' lang='lat' dir='ltr'>deposcitHl</span> <span class='ocrx_word' id='word_1_320' title='bbox 1285 2255 1330 2286; x_wconf 79' lang='lat'>23</span> <span class='ocrx_word' id='word_1_321' title='bbox 1357 2251 1420 2287; x_wconf 89' lang='lat' dir='ltr'>de-</span> 
     </span>
     <span class='ocr_line' id='line_1_40' title="bbox 75 2295 1418 2344; baseline 0.004 -15"><span class='ocrx_word' id='word_1_322' title='bbox 75 2295 191 2330; x_wconf 87' lang='lat' dir='ltr'>currit</span> <span class='ocrx_word' id='word_1_323' title='bbox 209 2295 267 2330; x_wconf 82' lang='grc' dir='ltr'>Ηι</span> <span class='ocrx_word' id='word_1_324' title='bbox 287 2298 294 2340; x_wconf 88' lang='grc' dir='ltr'>Ι</span> <span class='ocrx_word' id='word_1_325' title='bbox 315 2298 354 2331; x_wconf 90' lang='lat' dir='ltr'>et</span> <span class='ocrx_word' id='word_1_326' title='bbox 371 2298 438 2333; x_wconf 82' lang='lat' dir='ltr'>del.</span> <span class='ocrx_word' id='word_1_327' title='bbox 460 2297 552 2334; x_wconf 79' lang='lat' dir='ltr'>Oud.</span> <span class='ocrx_word' id='word_1_328' title='bbox 574 2298 652 2334; x_wconf 80' lang='lat' dir='ltr'>coll.</span> <span class='ocrx_word' id='word_1_329' title='bbox 673 2299 694 2333; x_wconf 89' lang='grc' dir='ltr'>Ζ.</span> <span class='ocrx_word' id='word_1_330' title='bbox 717 2298 739 2333; x_wconf 91' lang='grc' dir='ltr'>Ζ.</span> <span class='ocrx_word' id='word_1_331' title='bbox 763 2300 768 2342; x_wconf 93' lang='grc'>1</span> <span class='ocrx_word' id='word_1_332' title='bbox 790 2301 836 2334; x_wconf 82' lang='lat'>25</span> <span class='ocrx_word' id='word_1_333' title='bbox 854 2300 1019 2334; x_wconf 86' lang='lat' dir='ltr'>retentus</span> <span class='ocrx_word' id='word_1_334' title='bbox 1039 2299 1065 2334; x_wconf 79' lang='lat' dir='ltr'><strong><em>d</em></strong></span> <span class='ocrx_word' id='word_1_335' title='bbox 1083 2310 1126 2334; x_wconf 78' lang='lat' dir='ltr'>ex</span> <span class='ocrx_word' id='word_1_336' title='bbox 1145 2299 1168 2333; x_wconf 90' lang='grc' dir='ltr'>Ζ.</span> <span class='ocrx_word' id='word_1_337' title='bbox 1190 2299 1212 2333; x_wconf 83' lang='grc' dir='ltr'><em>Ζ</em></span> <span class='ocrx_word' id='word_1_338' title='bbox 1238 2298 1418 2344; x_wconf 86' lang='lat' dir='ltr'>petendos</span> 
     </span>
    </p>
   </div>
   <div class='ocr_carea' id='block_1_7' title="bbox 0 2342 1421 2390">
    <p class='ocr_par' dir='ltr' id='par_1_12' title="bbox 0 2342 1421 2390">
     <span class='ocr_line' id='line_1_41' title="bbox 0 2342 1421 2390; baseline 0.004 -15"><span class='ocrx_word' id='word_1_339' title='bbox 0 2345 3 2347; x_wconf 83' lang='lat'>&#39;</span> <span class='ocrx_word' id='word_1_340' title='bbox 74 2342 409 2385; x_wconf 77' lang='lat' dir='ltr'>HP12‘1Q.Oud</span> <span class='ocrx_word' id='word_1_341' title='bbox 425 2345 502 2380; x_wconf 78' lang='lat' dir='ltr'>coll.</span> <span class='ocrx_word' id='word_1_342' title='bbox 516 2345 604 2381; x_wconf 74' lang='lat' dir='ltr'>Liu.</span> <span class='ocrx_word' id='word_1_343' title='bbox 615 2347 676 2389; x_wconf 87' lang='grc'>34,</span> <span class='ocrx_word' id='word_1_344' title='bbox 684 2347 731 2381; x_wconf 84' lang='grc'><strong><em>54</em></strong></span> <span class='ocrx_word' id='word_1_345' title='bbox 756 2345 795 2380; x_wconf 86' lang='lat' dir='ltr'>L.</span> <span class='ocrx_word' id='word_1_346' title='bbox 810 2345 896 2381; x_wconf 90' lang='grc' dir='ltr'>ΗΡ</span> <span class='ocrx_word' id='word_1_347' title='bbox 914 2347 919 2390; x_wconf 82' lang='grc' dir='ltr'>Ι</span> <span class='ocrx_word' id='word_1_348' title='bbox 940 2345 1175 2381; x_wconf 84' lang='lat' dir='ltr'>minutiusH</span> <span class='ocrx_word' id='word_1_349' title='bbox 1194 2347 1199 2390; x_wconf 89' lang='grc' dir='ltr'>Ι</span> <span class='ocrx_word' id='word_1_350' title='bbox 1221 2345 1421 2381; x_wconf 92' lang='lat' dir='ltr'>dimissoP</span> 
     </span>
    </p>
   </div>
   <div class='ocr_carea' id='block_1_8' title="bbox 1155 2403 1205 2439">
    <p class='ocr_par' dir='ltr' id='par_1_13' title="bbox 1155 2403 1205 2439">
     <span class='ocr_line' id='line_1_42' title="bbox 1155 2403 1205 2439; baseline 0 -14"><span class='ocrx_word' id='word_1_351' title='bbox 1155 2403 1205 2439; x_wconf 74' lang='lat'>2*</span> 
     </span>
    </p>
   </div>
   <div class='ocr_carea' id='block_1_9' title="bbox 1450 465 1471 497">
    <p class='ocr_par' dir='ltr' id='par_1_14' title="bbox 1450 465 1471 497">
     <span class='ocr_line' id='line_1_43' title="bbox 1450 465 1471 497; baseline 0 0"><span class='ocrx_word' id='word_1_352' title='bbox 1450 465 1471 497; x_wconf 88' lang='lat'>5</span> 
     </span>
    </p>
   </div>
   <div class='ocr_carea' id='block_1_10' title="bbox 1453 761 1497 793">
    <p class='ocr_par' dir='ltr' id='par_1_15' title="bbox 1453 761 1497 793">
     <span class='ocr_line' id='line_1_44' title="bbox 1453 761 1497 793; baseline 0.023 -1"><span class='ocrx_word' id='word_1_353' title='bbox 1453 761 1497 793; x_wconf 89' lang='grc'>10</span> 
     </span>
    </p>
   </div>
   <div class='ocr_carea' id='block_1_11' title="bbox 1452 1055 1495 1087">
    <p class='ocr_par' dir='ltr' id='par_1_16' title="bbox 1452 1055 1495 1087">
     <span class='ocr_line' id='line_1_45' title="bbox 1452 1055 1495 1087; baseline 0.023 -1"><span class='ocrx_word' id='word_1_354' title='bbox 1452 1055 1495 1087; x_wconf 90' lang='grc'>15</span> 
     </span>
    </p>
   </div>
   <div class='ocr_carea' id='block_1_12' title="bbox 1448 1350 1494 1382">
    <p class='ocr_par' dir='ltr' id='par_1_17' title="bbox 1448 1350 1494 1382">
     <span class='ocr_line' id='line_1_46' title="bbox 1448 1350 1494 1382; baseline 0 0"><span class='ocrx_word' id='word_1_355' title='bbox 1448 1350 1494 1382; x_wconf 80' lang='grc'>20</span> 
     </span>
    </p>
   </div>
   <div class='ocr_carea' id='block_1_13' title="bbox 1447 1644 1492 1676">
    <p class='ocr_par' dir='ltr' id='par_1_18' title="bbox 1447 1644 1492 1676">
     <span class='ocr_line' id='line_1_47' title="bbox 1447 1644 1492 1676; baseline 0.022 -1"><span class='ocrx_word' id='word_1_356' title='bbox 1447 1644 1492 1676; x_wconf 80' lang='grc'>25</span> 
     </span>
    </p>
   </div>
  </div>
 </body>
</html>
