1612 2488
555 124 699 172 mmm
718 135 766 171 11.
804 134 906 172 cAP.
933 139 1037 172 3-4.
1417 134 1475 176 53

128 247 367 304 equitatum
399 245 445 287 in
477 244 654 286 sinistro
685 258 816 286 cornu
848 257 944 286 cum
976 243 1149 286 auxiliis
1181 243 1383 286 omnibus
1413 243 1475 286 lo-

127 306 262 360 cauit,
291 309 342 346 ut
370 304 470 346 inde
496 302 710 345 Iulianum
742 303 974 345 exercitum
1006 302 1262 345 circumiret.
1441 303 1449 307 ’

215 363 435 406 Aduersus
466 362 578 404 hanc
609 361 921 405 ordinationem
946 360 992 404 C.
1011 360 1170 404 Caesar
1202 365 1246 404 et
1274 362 1369 416 ipse
1399 362 1475 404 tri-

126 422 231 478 plici
280 422 369 464 acie
412 421 633 476 dispositis
677 420 722 462 in
766 420 909 463 fronte
958 420 1202 476 legionibus
1252 419 1476 462 sinistrum

126 482 253 533 latus,
271 495 326 523 ne
345 480 560 523 circumiri
578 481 737 534 posset,
757 479 952 522 admouit
977 479 1217 534 paludibus.
1253 480 1300 521 in
1325 478 1475 522 dextro

128 554 262 583 cornu
298 539 486 595 equitem
522 538 687 594 posuit,
722 539 791 580 cui
821 538 1121 581 uelocissimos
1158 538 1332 580 miscuit
1362 538 1477 593 pedi-

129 602 236 654 tum,
255 598 309 640 ad
327 611 492 641 morem
513 597 720 652 equestris
739 611 910 653 pugnae
930 598 1199 640 exercitatos.
1232 611 1306 639 sex
1325 596 1478 639 deinde

128 657 326 700 cohortes
357 656 403 698 in
435 656 627 699 subsidio
659 656 838 698 retinuit
870 656 924 698 ad
954 670 1024 698 res
1054 656 1221 698 subitas
1253 658 1298 698 et
1327 655 1476 699 dextro

126 716 260 759 latere
285 729 515 758 conuersas
539 714 586 757 in
611 715 852 770 obliquum,
882 715 996 757 unde
1020 715 1259 770 equitatum
1282 715 1479 757 hostium

128 774 423 830 exspectabat,
460 773 715 816 conlocauit.
775 787 855 816 nec
890 774 982 816 ulla
1010 788 1078 816 res
1111 788 1162 816 eo
1194 774 1261 816 die
1291 774 1392 829 plus
1423 773 1475 816 ad

1505 785 1548 817 10

126 834 357 876 uictoriam
395 831 570 875 Caesari
613 832 812 874 contulit:
858 832 1039 874 effusum
1074 846 1261 887 namque
1297 832 1478 887 Pompei
1516 848 1518 851 ·

129 892 370 947 equitatum
399 891 624 946 inopinato
650 904 830 933 excursu
855 893 1107 933 auerterunt
1131 890 1479 946 caedendumque

127 950 407 992 tradiderunt.

218 1009 288 1052 23.
325 1007 567 1062 Imperator
598 1006 758 1050 Caesar
788 1008 1014 1063 Augustus
1047 1007 1344 1064 Germanicus,
1382 1023 1479 1051 cum

129 1067 310 1110 subinde
336 1065 482 1109 Chatti
507 1068 704 1121 equestre
734 1067 949 1122 proelium
978 1067 1026 1109 in
1058 1067 1193 1110 siluas
1224 1067 1478 1124 refugiendo

129 1126 400 1180 deducerent,
424 1124 552 1167 iussit
577 1139 678 1167 suos
703 1125 882 1182 equites,
913 1126 1175 1181 simulatque
1207 1126 1261 1168 ad
1285 1126 1479 1183 inpedita

127 1187 307 1228 uentum
342 1187 472 1237 esset,
514 1184 635 1239 equis
674 1184 846 1226 desilire
882 1185 1155 1240 pedestrique
1191 1199 1343 1242 pugna
1377 1199 1479 1228 con-

127 1244 296 1300 fligere:
321 1258 406 1299 quo
432 1256 587 1299 genere
606 1246 861 1286 consecutus
882 1243 1020 1300 (est),
1042 1258 1097 1286 ne
1124 1245 1221 1299 quis
1244 1244 1332 1286 iam
1355 1245 1478 1287 locus

128 1302 357 1344 uictoriam
387 1302 479 1344 eius
511 1304 762 1345 moraretur.

217 1361 288 1402 24.
329 1359 373 1403 C.
404 1359 620 1411 Duellius,
664 1374 760 1402 cum
802 1360 969 1403 uideret
1011 1375 1167 1417 graues
1206 1376 1306 1404 suas
1342 1376 1477 1404 naues

128 1419 372 1461 mobilitate
409 1418 595 1460 Punicae
633 1419 782 1461 classis
820 1419 935 1461 eludi
972 1420 1232 1475 inritamque
1269 1420 1478 1462 uirtutem

130 1477 318 1519 militum
359 1478 471 1531 fieri,
520 1477 782 1533 excogitauit
823 1493 977 1520 manus
1020 1479 1200 1521 ferreas:
1251 1494 1360 1534 quae
1402 1479 1477 1521 ubi

128 1536 332 1579 hostilem
364 1535 678 1592 adprenderant
707 1551 880 1591 nauem,
911 1538 1152 1593 superiecto
1183 1540 1316 1593 ponte
1340 1541 1479 1580 trans-

129 1594 403 1650 grediebatur
427 1594 651 1637 Romanus
678 1597 721 1637 et
745 1595 790 1637 in
814 1596 1009 1651 ipsorum
1038 1597 1210 1639 ratibus
1240 1598 1478 1639 comminus

55 1672 60 1675 ·
130 1667 203 1695 eos
234 1653 491 1695 trucidabat.

370 1766 451 1802 1111.
488 1767 554 1802 DE
578 1766 688 1803 ACIE
712 1767 929 1803 HOSTIUM
953 1768 1232 1805 TURBANDA.

222 1853 255 1893 1.
287 1851 485 1906 Papirius
510 1849 670 1893 Cursor
699 1851 816 1893 filius
849 1852 1014 1906 consul,
1046 1867 1142 1895 cum
1174 1867 1310 1908 aequo
1336 1853 1477 1896 Marte

224 1946 245 1978 5
269 1942 389 1989 possit
410 1942 503 1987 ΗΡ,
528 1954 590 1978 em.
611 1943 637 1979 d
657 1945 663 1989 Ι
691 1942 862 1979 admouit
885 1943 1086 1989 paludibus
1109 1945 1152 1980 in
1176 1956 1249 1981 ras.
1268 1945 1315 1981 H
1331 1947 1338 1990 1
1366 1950 1386 1981 7
1413 1957 1478 1982 sex

129 1990 232 2027 Mod.
258 1989 398 2026 subff
423 1989 490 2025 sed
506 1990 576 2025 hP
595 1990 601 2035 Ι
623 1993 645 2025 8
670 1991 709 2026 et
726 1990 776 2025 D.
793 1989 942 2026 Vossius
966 1991 1089 2027 sexH
1108 1992 1174 2027 sed
1188 1992 1242 2028 P:
1266 1993 1313 2037 cf.
1330 1992 1429 2029 Gaas.
1443 1994 1475 2029 b.

90 2058 96 2064 ·
129 2048 157 2073 c.
184 2039 219 2081 3,
238 2039 396 2073 89-94.
433 2036 534 2072 Plut.
563 2036 692 2082 Pomp.
719 2039 778 2073 69.
814 2037 914 2073 Caes.
939 2040 997 2073 44.
1028 2037 1194 2084 Appiam.
1219 2039 1252 2075 b.
1278 2050 1307 2076 c.
1332 2043 1372 2083 2,
1391 2044 1441 2076 76
1469 2040 1475 2087 Ι

130 2087 174 2118 10
193 2094 237 2120 eo
256 2083 335 2130 die]
356 2083 495 2119 cotidie
508 2084 554 2119 H
572 2086 577 2127 Ι
602 2087 643 2118 11
664 2082 839 2119 effectum
858 2084 905 2120 H
921 2086 927 2128 Ι
947 2096 1154 2132 namneque
1173 2086 1231 2122 ΗἸ
1254 2086 1260 2131 Ι
1283 2091 1327 2122 14
1346 2087 1475 2122 Domi-

73 2153 77 2158 ·
126 2130 252 2166 tianus
276 2132 361 2167 add.
380 2131 405 2166 d
432 2130 437 2176 Ι
472 2133 517 2165 15
542 2130 662 2166 catthi
682 2131 745 2175 ΡΙ
767 2132 939 2176 equester
957 2132 1003 2168 H
1019 2133 1025 2176 Ι
1061 2137 1103 2168 16
1123 2133 1235 2168 simul
1259 2134 1374 2178 utque
1399 2134 1446 2169 H
1469 2135 1474 2181 Ι

132 2179 176 2212 18
201 2176 380 2230 defligere
399 2177 437 2212 P
465 2179 471 2221 Ι
505 2180 563 2213 est
591 2178 709 2223 suppl.
737 2178 762 2213 d
795 2181 800 2220 Ι
833 2178 909 2213 iam
933 2179 1067 2215 Har-tel
1102 2191 1176 2215 non
1201 2180 1289 2215 ΗΡ
1323 2180 1476 2217 0111111110

132 2223 225 2260 Oua.
250 2224 398 2269 iniquus
418 2224 590 2260 Herelius
612 2234 687 2259 non
711 2225 795 2260 eicit
815 2225 918 2261 Mod.
939 2225 945 2272 Ι
967 2226 1051 2271 quis
1075 2238 1149 2262 non
1173 2228 1347 2272 yloscema
1363 2231 1477 2272 putat

130 2269 238 2307 Goetz
275 2270 423 2316 iniquus
453 2269 530 2306 iam
554 2271 691 2307 Hartel
716 2272 723 2316 Ι
758 2275 802 2307 19
831 2271 1029 2308 miraretur
1051 2273 1144 2317 ΗΡ,
1170 2285 1232 2308 em.
1259 2273 1361 2309 Mod.
1390 2274 1395 2319 Ι
1429 2278 1475 2310 23

130 2317 402 2362 appi-cuderent
420 2317 458 2352 P
476 2318 751 2364 apprenderunt
774 2319 800 2354 d
827 2320 833 2364 Ι
864 2322 1019 2364 pontem
1043 2320 1104 2355 H¹
1129 2321 1135 2363 Ι
1166 2324 1211 2355 25
1236 2319 1476 2356 trucidabant

128 2364 229 2409 ΗΡ,
255 2375 346 2401 corr.
372 2365 469 2400 edd..-
494 2366 539 2408 cf.
560 2365 680 2411 praef.
706 2364 734 2412 §
760 2368 809 2402 12
838 2367 844 2411 Ι
870 2370 915 2402 27
940 2366 1097 2412 Piparus
1123 2367 1169 2402 H
1192 2369 1197 2411 Ι
1225 2370 1323 2403 coffs.
1350 2368 1396 2403 H

1505 1078 1548 1110 15

1503 1373 1549 1405 20

1503 1666 1548 1698 25
