<?xml version="1.0" encoding="UTF-8"?>
<!DOCTYPE html PUBLIC "-//W3C//DTD XHTML 1.0 Transitional//EN"
    "http://www.w3.org/TR/xhtml1/DTD/xhtml1-transitional.dtd">
<html xmlns="http://www.w3.org/1999/xhtml" xml:lang="en" lang="en">
 <head>
  <title>
</title>
<meta http-equiv="Content-Type" content="text/html;charset=utf-8" />
  <meta name='ocr-system' content='tesseract 3.04.00' />
  <meta name='ocr-capabilities' content='ocr_page ocr_carea ocr_par ocr_line ocrx_word'/>
</head>
<body>
  <div class='ocr_page' id='page_1' title='image "./strategematonlib00fronuoft_0087.png"; bbox 0 0 1612 2488; ppageno 0'>
   <div class='ocr_carea' id='block_1_1' title="bbox 559 70 1439 114">
    <p class='ocr_par' dir='ltr' id='par_1_1' title="bbox 559 70 1439 114">
     <span class='ocr_line' id='line_1_1' title="bbox 559 70 1439 114; baseline -0.001 -6"><span class='ocrx_word' id='word_1_1' title='bbox 559 71 704 108; x_wconf 80' lang='lat' dir='ltr'>LIBER</span> <span class='ocrx_word' id='word_1_2' title='bbox 727 71 773 107; x_wconf 85' lang='lat'><strong>11.</strong></span> <span class='ocrx_word' id='word_1_3' title='bbox 809 70 911 110; x_wconf 69' lang='lat' dir='ltr'><strong>CAP„</strong></span> <span class='ocrx_word' id='word_1_4' title='bbox 938 75 971 107; x_wconf 90' lang='lat'><strong>5.</strong></span> <span class='ocrx_word' id='word_1_5' title='bbox 1382 71 1439 114; x_wconf 89' lang='grc'><strong>63</strong></span> 
     </span>
    </p>
   </div>
   <div class='ocr_carea' id='block_1_2' title="bbox 55 178 1508 1707">
    <p class='ocr_par' dir='ltr' id='par_1_2' title="bbox 88 178 1508 812">
     <span class='ocr_line' id='line_1_2' title="bbox 182 178 1440 234; baseline 0 -11"><span class='ocrx_word' id='word_1_6' title='bbox 182 180 252 224; x_wconf 90' lang='grc'><strong>22.</strong></span> <span class='ocrx_word' id='word_1_7' title='bbox 282 179 404 223; x_wconf 83' lang='lat' dir='ltr'><strong>Idem</strong></span> <span class='ocrx_word' id='word_1_8' title='bbox 435 179 673 234; x_wconf 81' lang='lat' dir='ltr'><strong>Hannibal,</strong></span> <span class='ocrx_word' id='word_1_9' title='bbox 704 194 802 223; x_wconf 90' lang='lat' dir='ltr'><strong>cum</strong></span> <span class='ocrx_word' id='word_1_10' title='bbox 832 180 946 222; x_wconf 84' lang='lat' dir='ltr'><strong>inter</strong></span> <span class='ocrx_word' id='word_1_11' title='bbox 968 178 1151 223; x_wconf 86' lang='lat' dir='ltr'><strong>Fabium</strong></span> <span class='ocrx_word' id='word_1_12' title='bbox 1183 180 1440 223; x_wconf 89' lang='lat' dir='ltr'><strong>dictatorem</strong></span> 
     </span>
     <span class='ocr_line' id='line_1_3' title="bbox 91 238 1439 294; baseline 0 -12"><span class='ocrx_word' id='word_1_13' title='bbox 91 242 136 282; x_wconf 86' lang='lat' dir='ltr'><strong>et</strong></span> <span class='ocrx_word' id='word_1_14' title='bbox 169 238 407 282; x_wconf 87' lang='lat' dir='ltr'><strong>Minucium</strong></span> <span class='ocrx_word' id='word_1_15' title='bbox 444 239 702 294; x_wconf 86' lang='lat' dir='ltr'><strong>magistrum</strong></span> <span class='ocrx_word' id='word_1_16' title='bbox 739 239 933 294; x_wconf 87' lang='lat' dir='ltr'><strong>equitum</strong></span> <span class='ocrx_word' id='word_1_17' title='bbox 969 239 1135 282; x_wconf 90' lang='lat' dir='ltr'><strong>diuisus</strong></span> <span class='ocrx_word' id='word_1_18' title='bbox 1173 242 1287 282; x_wconf 89' lang='lat' dir='ltr'><strong>esset</strong></span> <span class='ocrx_word' id='word_1_19' title='bbox 1323 254 1439 282; x_wconf 83' lang='lat' dir='ltr'><strong>exer-</strong></span> 
     </span>
     <span class='ocr_line' id='line_1_4' title="bbox 91 297 1439 354; baseline 0.001 -13"><span class='ocrx_word' id='word_1_20' title='bbox 91 298 199 341; x_wconf 83' lang='lat' dir='ltr'><strong>citus</strong></span> <span class='ocrx_word' id='word_1_21' title='bbox 230 301 274 341; x_wconf 89' lang='lat' dir='ltr'><strong>et</strong></span> <span class='ocrx_word' id='word_1_22' title='bbox 303 298 465 340; x_wconf 80' lang='lat' dir='ltr'><strong>Fabius</strong></span> <span class='ocrx_word' id='word_1_23' title='bbox 503 298 801 341; x_wconf 77' lang='lat' dir='ltr'><strong>occasionibus</strong></span> <span class='ocrx_word' id='word_1_24' title='bbox 840 297 1088 353; x_wconf 74' lang='lat' dir='ltr'><strong>inmineret,</strong></span> <span class='ocrx_word' id='word_1_25' title='bbox 1118 297 1333 342; x_wconf 85' lang='lat' dir='ltr'><strong>Minucius</strong></span> <span class='ocrx_word' id='word_1_26' title='bbox 1364 314 1439 354; x_wconf 91' lang='lat' dir='ltr'><strong>pu-</strong></span> 
     </span>
     <span class='ocr_line' id='line_1_5' title="bbox 90 357 1438 414; baseline 0 -14"><span class='ocrx_word' id='word_1_27' title='bbox 90 357 250 413; x_wconf 82' lang='lat' dir='ltr'><strong>gnandi</strong></span> <span class='ocrx_word' id='word_1_28' title='bbox 269 357 503 412; x_wconf 88' lang='lat' dir='ltr'><strong>cupiditate</strong></span> <span class='ocrx_word' id='word_1_29' title='bbox 522 357 736 413; x_wconf 87' lang='lat' dir='ltr'><strong>flagraret,</strong></span> <span class='ocrx_word' id='word_1_30' title='bbox 759 360 903 399; x_wconf 88' lang='lat' dir='ltr'><strong>castra</strong></span> <span class='ocrx_word' id='word_1_31' title='bbox 927 357 974 399; x_wconf 92' lang='lat' dir='ltr'><strong>in</strong></span> <span class='ocrx_word' id='word_1_32' title='bbox 994 371 1160 412; x_wconf 87' lang='lat' dir='ltr'><strong>campo,</strong></span> <span class='ocrx_word' id='word_1_33' title='bbox 1178 358 1252 414; x_wconf 91' lang='lat' dir='ltr'><strong>qui</strong></span> <span class='ocrx_word' id='word_1_34' title='bbox 1272 357 1438 401; x_wconf 88' lang='lat' dir='ltr'><strong>medius</strong></span> 
     </span>
     <span class='ocr_line' id='line_1_6' title="bbox 89 415 1484 472; baseline 0.001 -14"><span class='ocrx_word' id='word_1_35' title='bbox 89 415 202 458; x_wconf 88' lang='lat' dir='ltr'><strong>inter</strong></span> <span class='ocrx_word' id='word_1_36' title='bbox 230 415 378 458; x_wconf 88' lang='lat' dir='ltr'><strong>hostes</strong></span> <span class='ocrx_word' id='word_1_37' title='bbox 410 418 521 470; x_wconf 88' lang='lat' dir='ltr'><strong>erat,</strong></span> <span class='ocrx_word' id='word_1_38' title='bbox 557 416 704 471; x_wconf 86' lang='lat' dir='ltr'><strong>posuit</strong></span> <span class='ocrx_word' id='word_1_39' title='bbox 734 418 795 470; x_wconf 87' lang='lat' dir='ltr'><strong>et,</strong></span> <span class='ocrx_word' id='word_1_40' title='bbox 833 430 928 458; x_wconf 88' lang='lat' dir='ltr'><strong>cum</strong></span> <span class='ocrx_word' id='word_1_41' title='bbox 965 420 1133 471; x_wconf 88' lang='lat' dir='ltr'><strong>partem</strong></span> <span class='ocrx_word' id='word_1_42' title='bbox 1169 417 1362 472; x_wconf 89' lang='lat' dir='ltr'><strong>peditum</strong></span> <span class='ocrx_word' id='word_1_43' title='bbox 1391 418 1438 459; x_wconf 91' lang='lat' dir='ltr'><strong>in</strong></span> <span class='ocrx_word' id='word_1_44' title='bbox 1463 433 1484 465; x_wconf 88' lang='lat'>5</span> 
     </span>
     <span class='ocr_line' id='line_1_7' title="bbox 91 474 1438 531; baseline 0.001 -14"><span class='ocrx_word' id='word_1_45' title='bbox 91 474 358 531; x_wconf 83' lang='lat' dir='ltr'><strong>confragosis</strong></span> <span class='ocrx_word' id='word_1_46' title='bbox 376 475 554 530; x_wconf 86' lang='lat' dir='ltr'><strong>rupibus</strong></span> <span class='ocrx_word' id='word_1_47' title='bbox 574 474 768 529; x_wconf 78' lang='lat' dir='ltr'><strong>celasset,</strong></span> <span class='ocrx_word' id='word_1_48' title='bbox 790 474 884 530; x_wconf 90' lang='lat' dir='ltr'><strong>ipse</strong></span> <span class='ocrx_word' id='word_1_49' title='bbox 903 474 959 517; x_wconf 92' lang='lat' dir='ltr'><strong>ad</strong></span> <span class='ocrx_word' id='word_1_50' title='bbox 977 475 1244 518; x_wconf 88' lang='lat' dir='ltr'><strong>euocandum</strong></span> <span class='ocrx_word' id='word_1_51' title='bbox 1266 475 1438 519; x_wconf 78' lang='lat' dir='ltr'><strong>hostem</strong></span> 
     </span>
     <span class='ocr_line' id='line_1_8' title="bbox 88 533 1437 590; baseline 0.001 -14"><span class='ocrx_word' id='word_1_52' title='bbox 88 533 227 587; x_wconf 82' lang='lat' dir='ltr'><strong>misit,</strong></span> <span class='ocrx_word' id='word_1_53' title='bbox 269 533 342 589; x_wconf 90' lang='lat' dir='ltr'><strong>qui</strong></span> <span class='ocrx_word' id='word_1_54' title='bbox 378 533 624 589; x_wconf 86' lang='lat' dir='ltr'><strong>proximum</strong></span> <span class='ocrx_word' id='word_1_55' title='bbox 659 534 874 576; x_wconf 86' lang='lat' dir='ltr'><strong>tumulum</strong></span> <span class='ocrx_word' id='word_1_56' title='bbox 915 536 1193 589; x_wconf 85' lang='lat' dir='ltr'><strong>occuparent:</strong></span> <span class='ocrx_word' id='word_1_57' title='bbox 1237 535 1291 577; x_wconf 84' lang='lat' dir='ltr'><strong>ad</strong></span> <span class='ocrx_word' id='word_1_58' title='bbox 1329 549 1437 590; x_wconf 90' lang='lat' dir='ltr'><strong>quos</strong></span> 
     </span>
     <span class='ocr_line' id='line_1_9' title="bbox 90 592 1436 649; baseline 0.002 -15"><span class='ocrx_word' id='word_1_59' title='bbox 90 592 395 649; x_wconf 88' lang='lat' dir='ltr'><strong>opprimendos</strong></span> <span class='ocrx_word' id='word_1_60' title='bbox 432 606 528 635; x_wconf 90' lang='lat' dir='ltr'><strong>cum</strong></span> <span class='ocrx_word' id='word_1_61' title='bbox 567 592 781 635; x_wconf 84' lang='lat' dir='ltr'><strong>eduxisset</strong></span> <span class='ocrx_word' id='word_1_62' title='bbox 817 593 963 648; x_wconf 89' lang='lat' dir='ltr'><strong>copias</strong></span> <span class='ocrx_word' id='word_1_63' title='bbox 994 592 1224 649; x_wconf 85' lang='lat' dir='ltr'><strong>Minucius,</strong></span> <span class='ocrx_word' id='word_1_64' title='bbox 1260 594 1436 637; x_wconf 83' lang='lat' dir='ltr'><strong>insidia-</strong></span> 
     </span>
     <span class='ocr_line' id='line_1_10' title="bbox 89 650 1437 706; baseline 0.001 -12"><span class='ocrx_word' id='word_1_65' title='bbox 89 654 207 694; x_wconf 83' lang='lat' dir='ltr'><strong>tores</strong></span> <span class='ocrx_word' id='word_1_66' title='bbox 238 651 294 694; x_wconf 86' lang='lat' dir='ltr'><strong>ab</strong></span> <span class='ocrx_word' id='word_1_67' title='bbox 321 650 565 694; x_wconf 83' lang='lat' dir='ltr'><strong>Hannibale</strong></span> <span class='ocrx_word' id='word_1_68' title='bbox 596 651 797 706; x_wconf 87' lang='lat' dir='ltr'><strong>dispositi</strong></span> <span class='ocrx_word' id='word_1_69' title='bbox 827 651 973 695; x_wconf 84' lang='lat' dir='ltr'><strong>subito</strong></span> <span class='ocrx_word' id='word_1_70' title='bbox 1004 656 1362 696; x_wconf 86' lang='lat' dir='ltr'><strong>consurrexerunt</strong></span> <span class='ocrx_word' id='word_1_71' title='bbox 1393 656 1437 695; x_wconf 89' lang='lat' dir='ltr'><strong>et</strong></span> 
     </span>
     <span class='ocr_line' id='line_1_11' title="bbox 89 709 1508 767; baseline 0.002 -15"><span class='ocrx_word' id='word_1_72' title='bbox 89 709 303 753; x_wconf 81' lang='lat' dir='ltr'><strong>delessent</strong></span> <span class='ocrx_word' id='word_1_73' title='bbox 325 709 487 753; x_wconf 85' lang='lat' dir='ltr'><strong>Minuci</strong></span> <span class='ocrx_word' id='word_1_74' title='bbox 512 710 764 765; x_wconf 83' lang='lat' dir='ltr'><strong>exercitum,</strong></span> <span class='ocrx_word' id='word_1_75' title='bbox 791 711 876 753; x_wconf 88' lang='lat' dir='ltr'><strong>nisi</strong></span> <span class='ocrx_word' id='word_1_76' title='bbox 900 710 1062 754; x_wconf 86' lang='lat' dir='ltr'><strong>Fabius</strong></span> <span class='ocrx_word' id='word_1_77' title='bbox 1086 712 1435 767; x_wconf 83' lang='lat' dir='ltr'><strong>periclitantibus</strong></span> <span class='ocrx_word' id='word_1_78' title='bbox 1463 727 1508 760; x_wconf 78' lang='grc' dir='ltr'><strong>ιο</strong></span> 
     </span>
     <span class='ocr_line' id='line_1_12' title="bbox 88 769 370 812; baseline 0 -1"><span class='ocrx_word' id='word_1_79' title='bbox 88 769 370 812; x_wconf 84' lang='lat' dir='ltr'><strong>subuenisset.</strong></span> 
     </span>
    </p>

    <p class='ocr_par' dir='ltr' id='par_1_3' title="bbox 86 826 1504 1529">
     <span class='ocr_line' id='line_1_13' title="bbox 175 826 1435 885; baseline 0.002 -15"><span class='ocrx_word' id='word_1_80' title='bbox 175 827 247 871; x_wconf 83' lang='lat'><strong>23.</strong></span> <span class='ocrx_word' id='word_1_81' title='bbox 274 827 395 870; x_wconf 87' lang='lat' dir='ltr'><strong>Idem</strong></span> <span class='ocrx_word' id='word_1_82' title='bbox 419 826 659 882; x_wconf 84' lang='lat' dir='ltr'><strong>Hannibal,</strong></span> <span class='ocrx_word' id='word_1_83' title='bbox 690 842 787 870; x_wconf 89' lang='lat' dir='ltr'><strong>cum</strong></span> <span class='ocrx_word' id='word_1_84' title='bbox 818 827 872 870; x_wconf 84' lang='lat' dir='ltr'><strong>ad</strong></span> <span class='ocrx_word' id='word_1_85' title='bbox 896 828 1099 871; x_wconf 86' lang='lat' dir='ltr'><strong>Trebiam</strong></span> <span class='ocrx_word' id='word_1_86' title='bbox 1130 829 1175 871; x_wconf 91' lang='lat' dir='ltr'><strong>in</strong></span> <span class='ocrx_word' id='word_1_87' title='bbox 1203 833 1435 885; x_wconf 87' lang='lat' dir='ltr'><strong>conspectu</strong></span> 
     </span>
     <span class='ocr_line' id='line_1_14' title="bbox 88 885 1436 943; baseline 0.002 -15"><span class='ocrx_word' id='word_1_88' title='bbox 88 885 269 928; x_wconf 89' lang='lat' dir='ltr'><strong>haberet</strong></span> <span class='ocrx_word' id='word_1_89' title='bbox 300 885 527 941; x_wconf 88' lang='lat' dir='ltr'><strong>Semproni</strong></span> <span class='ocrx_word' id='word_1_90' title='bbox 550 886 694 943; x_wconf 85' lang='lat' dir='ltr'><strong>Longi</strong></span> <span class='ocrx_word' id='word_1_91' title='bbox 725 887 913 929; x_wconf 82' lang='lat' dir='ltr'><strong>consulis</strong></span> <span class='ocrx_word' id='word_1_92' title='bbox 946 891 1106 943; x_wconf 85' lang='lat' dir='ltr'><strong>castra,</strong></span> <span class='ocrx_word' id='word_1_93' title='bbox 1136 888 1276 931; x_wconf 88' lang='lat' dir='ltr'><strong>medio</strong></span> <span class='ocrx_word' id='word_1_94' title='bbox 1309 903 1436 931; x_wconf 89' lang='lat' dir='ltr'><strong>amne</strong></span> 
     </span>
     <span class='ocr_line' id='line_1_15' title="bbox 89 944 1436 1002; baseline 0.003 -16"><span class='ocrx_word' id='word_1_95' title='bbox 89 944 379 999; x_wconf 88' lang='lat' dir='ltr'><strong>interfluente,</strong></span> <span class='ocrx_word' id='word_1_96' title='bbox 410 945 660 987; x_wconf 88' lang='lat' dir='ltr'><strong>saeuissima</strong></span> <span class='ocrx_word' id='word_1_97' title='bbox 690 945 830 988; x_wconf 89' lang='lat' dir='ltr'><strong>hieme</strong></span> <span class='ocrx_word' id='word_1_98' title='bbox 862 945 1095 1002; x_wconf 87' lang='lat' dir='ltr'><strong>Magonem</strong></span> <span class='ocrx_word' id='word_1_99' title='bbox 1124 950 1168 989; x_wconf 91' lang='lat' dir='ltr'><strong>et</strong></span> <span class='ocrx_word' id='word_1_100' title='bbox 1198 947 1358 990; x_wconf 88' lang='lat' dir='ltr'><strong>electos</strong></span> <span class='ocrx_word' id='word_1_101' title='bbox 1390 949 1436 990; x_wconf 92' lang='lat' dir='ltr'><strong>in</strong></span> 
     </span>
     <span class='ocr_line' id='line_1_16' title="bbox 89 1003 1504 1060; baseline 0.004 -15"><span class='ocrx_word' id='word_1_102' title='bbox 89 1003 258 1045; x_wconf 89' lang='lat' dir='ltr'><strong>insidiis</strong></span> <span class='ocrx_word' id='word_1_103' title='bbox 288 1004 444 1059; x_wconf 85' lang='lat' dir='ltr'><strong>posuit.</strong></span> <span class='ocrx_word' id='word_1_104' title='bbox 493 1004 645 1046; x_wconf 89' lang='lat' dir='ltr'><strong>deinde</strong></span> <span class='ocrx_word' id='word_1_105' title='bbox 670 1003 883 1047; x_wconf 86' lang='lat' dir='ltr'><strong>Numidas</strong></span> <span class='ocrx_word' id='word_1_106' title='bbox 909 1006 1072 1060; x_wconf 84' lang='lat' dir='ltr'><strong>equites</strong></span> <span class='ocrx_word' id='word_1_107' title='bbox 1098 1006 1152 1048; x_wconf 91' lang='lat' dir='ltr'><strong>ad</strong></span> <span class='ocrx_word' id='word_1_108' title='bbox 1178 1006 1434 1049; x_wconf 87' lang='lat' dir='ltr'><strong>eliciendam</strong></span> <span class='ocrx_word' id='word_1_109' title='bbox 1462 1021 1504 1054; x_wconf 81' lang='lat'><strong>15</strong></span> 
     </span>
     <span class='ocr_line' id='line_1_17' title="bbox 89 1059 1434 1120; baseline 0.003 -16"><span class='ocrx_word' id='word_1_110' title='bbox 89 1059 317 1117; x_wconf 89' lang='lat' dir='ltr'><strong>Semproni</strong></span> <span class='ocrx_word' id='word_1_111' title='bbox 364 1062 658 1105; x_wconf 82' lang='lat' dir='ltr'><strong>credulitatem</strong></span> <span class='ocrx_word' id='word_1_112' title='bbox 708 1063 956 1118; x_wconf 85' lang='lat' dir='ltr'><strong>adequitare</strong></span> <span class='ocrx_word' id='word_1_113' title='bbox 998 1065 1115 1107; x_wconf 90' lang='lat' dir='ltr'><strong>uallo</strong></span> <span class='ocrx_word' id='word_1_114' title='bbox 1160 1065 1250 1107; x_wconf 81' lang='lat' dir='ltr'><strong>eius</strong></span> <span class='ocrx_word' id='word_1_115' title='bbox 1294 1066 1434 1120; x_wconf 88' lang='lat' dir='ltr'><strong>iussit,</strong></span> 
     </span>
     <span class='ocr_line' id='line_1_18' title="bbox 90 1121 1435 1177; baseline 0.004 -15"><span class='ocrx_word' id='word_1_116' title='bbox 90 1121 245 1176; x_wconf 89' lang='lat' dir='ltr'><strong>quibus</strong></span> <span class='ocrx_word' id='word_1_117' title='bbox 270 1125 556 1176; x_wconf 83' lang='lat' dir='ltr'><strong>praeceperat,</strong></span> <span class='ocrx_word' id='word_1_118' title='bbox 581 1126 630 1163; x_wconf 91' lang='lat' dir='ltr'><strong>ut</strong></span> <span class='ocrx_word' id='word_1_119' title='bbox 655 1122 708 1164; x_wconf 89' lang='lat' dir='ltr'><strong>ad</strong></span> <span class='ocrx_word' id='word_1_120' title='bbox 733 1123 920 1177; x_wconf 86' lang='lat' dir='ltr'><strong>primum</strong></span> <span class='ocrx_word' id='word_1_121' title='bbox 940 1126 1190 1166; x_wconf 87' lang='lat' dir='ltr'><strong>nostrorum</strong></span> <span class='ocrx_word' id='word_1_122' title='bbox 1214 1125 1435 1167; x_wconf 89' lang='lat' dir='ltr'><strong>incursum</strong></span> 
     </span>
     <span class='ocr_line' id='line_1_19' title="bbox 86 1179 1436 1236; baseline 0.004 -15"><span class='ocrx_word' id='word_1_123' title='bbox 86 1194 164 1234; x_wconf 88' lang='lat' dir='ltr'><strong>per</strong></span> <span class='ocrx_word' id='word_1_124' title='bbox 192 1182 298 1222; x_wconf 88' lang='lat' dir='ltr'><strong>nota</strong></span> <span class='ocrx_word' id='word_1_125' title='bbox 326 1179 575 1236; x_wconf 84' lang='lat' dir='ltr'><strong>refugerent</strong></span> <span class='ocrx_word' id='word_1_126' title='bbox 604 1181 728 1225; x_wconf 86' lang='lat' dir='ltr'><strong>uada.</strong></span> <span class='ocrx_word' id='word_1_127' title='bbox 788 1181 869 1224; x_wconf 92' lang='lat' dir='ltr'><strong>hos</strong></span> <span class='ocrx_word' id='word_1_128' title='bbox 906 1182 1058 1224; x_wconf 88' lang='lat' dir='ltr'><strong>consul</strong></span> <span class='ocrx_word' id='word_1_129' title='bbox 1089 1186 1132 1225; x_wconf 92' lang='lat' dir='ltr'><strong>et</strong></span> <span class='ocrx_word' id='word_1_130' title='bbox 1164 1183 1343 1226; x_wconf 87' lang='lat' dir='ltr'><strong>adortus</strong></span> <span class='ocrx_word' id='word_1_131' title='bbox 1373 1187 1436 1226; x_wconf 82' lang='lat' dir='ltr'><strong>te-</strong></span> 
     </span>
     <span class='ocr_line' id='line_1_20' title="bbox 87 1239 1434 1298; baseline 0.004 -18"><span class='ocrx_word' id='word_1_132' title='bbox 87 1252 203 1280; x_wconf 90' lang='lat' dir='ltr'><strong>mere</strong></span> <span class='ocrx_word' id='word_1_133' title='bbox 234 1241 279 1280; x_wconf 88' lang='lat' dir='ltr'><strong>et</strong></span> <span class='ocrx_word' id='word_1_134' title='bbox 307 1242 477 1281; x_wconf 83' lang='lat' dir='ltr'><strong>secutus</strong></span> <span class='ocrx_word' id='word_1_135' title='bbox 508 1239 698 1282; x_wconf 92' lang='lat' dir='ltr'><strong>ieiunum</strong></span> <span class='ocrx_word' id='word_1_136' title='bbox 729 1241 961 1283; x_wconf 84' lang='lat' dir='ltr'><strong>exercitum</strong></span> <span class='ocrx_word' id='word_1_137' title='bbox 989 1241 1035 1283; x_wconf 92' lang='lat' dir='ltr'><strong>in</strong></span> <span class='ocrx_word' id='word_1_138' title='bbox 1058 1241 1247 1285; x_wconf 85' lang='lat' dir='ltr'><strong>maximo</strong></span> <span class='ocrx_word' id='word_1_139' title='bbox 1273 1242 1434 1298; x_wconf 83' lang='lat' dir='ltr'><strong>frigore</strong></span> 
     </span>
     <span class='ocr_line' id='line_1_21' title="bbox 87 1297 1504 1354; baseline 0.005 -16"><span class='ocrx_word' id='word_1_140' title='bbox 87 1297 275 1339; x_wconf 88' lang='lat' dir='ltr'><strong>transitu</strong></span> <span class='ocrx_word' id='word_1_141' title='bbox 304 1298 493 1340; x_wconf 89' lang='lat' dir='ltr'><strong>fluminis</strong></span> <span class='ocrx_word' id='word_1_142' title='bbox 523 1298 735 1353; x_wconf 86' lang='lat' dir='ltr'><strong>rigefecit:</strong></span> <span class='ocrx_word' id='word_1_143' title='bbox 772 1314 874 1341; x_wconf 85' lang='lat' dir='ltr'><strong>mox</strong></span> <span class='ocrx_word' id='word_1_144' title='bbox 903 1302 1078 1354; x_wconf 90' lang='lat' dir='ltr'><strong>torpore</strong></span> <span class='ocrx_word' id='word_1_145' title='bbox 1111 1303 1154 1343; x_wconf 88' lang='lat' dir='ltr'><strong>et</strong></span> <span class='ocrx_word' id='word_1_146' title='bbox 1185 1301 1328 1343; x_wconf 88' lang='lat' dir='ltr'><strong>inedia</strong></span> <span class='ocrx_word' id='word_1_147' title='bbox 1359 1302 1432 1344; x_wconf 87' lang='lat' dir='ltr'><strong>ad-</strong></span> <span class='ocrx_word' id='word_1_148' title='bbox 1458 1316 1504 1348; x_wconf 75' lang='lat'><strong>20</strong></span> 
     </span>
     <span class='ocr_line' id='line_1_22' title="bbox 86 1354 1433 1414; baseline 0.005 -18"><span class='ocrx_word' id='word_1_149' title='bbox 86 1354 211 1398; x_wconf 84' lang='lat' dir='ltr'><strong>fectis</strong></span> <span class='ocrx_word' id='word_1_150' title='bbox 241 1354 462 1398; x_wconf 88' lang='lat' dir='ltr'><strong>Hannibal</strong></span> <span class='ocrx_word' id='word_1_151' title='bbox 499 1371 623 1398; x_wconf 91' lang='lat' dir='ltr'><strong>suum</strong></span> <span class='ocrx_word' id='word_1_152' title='bbox 660 1357 843 1399; x_wconf 86' lang='lat' dir='ltr'><strong>militem</strong></span> <span class='ocrx_word' id='word_1_153' title='bbox 881 1359 1103 1413; x_wconf 90' lang='lat' dir='ltr'><strong>opposuit,</strong></span> <span class='ocrx_word' id='word_1_154' title='bbox 1139 1374 1266 1414; x_wconf 90' lang='lat' dir='ltr'><strong>quem</strong></span> <span class='ocrx_word' id='word_1_155' title='bbox 1304 1361 1357 1402; x_wconf 90' lang='lat' dir='ltr'><strong>ad</strong></span> <span class='ocrx_word' id='word_1_156' title='bbox 1388 1361 1433 1402; x_wconf 92' lang='lat' dir='ltr'><strong>id</strong></span> 
     </span>
     <span class='ocr_line' id='line_1_23' title="bbox 87 1413 1435 1474; baseline 0.005 -19"><span class='ocrx_word' id='word_1_157' title='bbox 87 1413 260 1469; x_wconf 88' lang='lat' dir='ltr'><strong>ignibus</strong></span> <span class='ocrx_word' id='word_1_158' title='bbox 297 1415 475 1470; x_wconf 91' lang='lat' dir='ltr'><strong>oleoque</strong></span> <span class='ocrx_word' id='word_1_159' title='bbox 512 1417 556 1457; x_wconf 94' lang='lat' dir='ltr'><strong>et</strong></span> <span class='ocrx_word' id='word_1_160' title='bbox 594 1416 690 1458; x_wconf 90' lang='lat' dir='ltr'><strong>cibo</strong></span> <span class='ocrx_word' id='word_1_161' title='bbox 722 1415 908 1471; x_wconf 85' lang='lat' dir='ltr'><strong>fouerat3</strong></span> <span class='ocrx_word' id='word_1_162' title='bbox 949 1431 1028 1459; x_wconf 89' lang='lat' dir='ltr'><strong>nec</strong></span> <span class='ocrx_word' id='word_1_163' title='bbox 1064 1417 1201 1461; x_wconf 76' lang='lat' dir='ltr'><strong>defuit</strong></span> <span class='ocrx_word' id='word_1_164' title='bbox 1237 1420 1435 1474; x_wconf 88' lang='lat' dir='ltr'><strong>partibus</strong></span> 
     </span>
     <span class='ocr_line' id='line_1_24' title="bbox 86 1471 1433 1529; baseline 0.005 -15"><span class='ocrx_word' id='word_1_165' title='bbox 86 1471 239 1528; x_wconf 84' lang='lat' dir='ltr'><strong>Mago,</strong></span> <span class='ocrx_word' id='word_1_166' title='bbox 273 1474 380 1528; x_wconf 91' lang='lat' dir='ltr'><strong>quin</strong></span> <span class='ocrx_word' id='word_1_167' title='bbox 407 1477 532 1529; x_wconf 89' lang='lat' dir='ltr'><strong>terga</strong></span> <span class='ocrx_word' id='word_1_168' title='bbox 560 1474 752 1517; x_wconf 88' lang='lat' dir='ltr'><strong>hostium</strong></span> <span class='ocrx_word' id='word_1_169' title='bbox 782 1475 828 1517; x_wconf 92' lang='lat' dir='ltr'><strong>in</strong></span> <span class='ocrx_word' id='word_1_170' title='bbox 858 1476 940 1518; x_wconf 92' lang='lat' dir='ltr'><strong>hoc</strong></span> <span class='ocrx_word' id='word_1_171' title='bbox 971 1476 1193 1519; x_wconf 87' lang='lat' dir='ltr'><strong>ordinatus</strong></span> <span class='ocrx_word' id='word_1_172' title='bbox 1225 1478 1433 1521; x_wconf 86' lang='lat' dir='ltr'><strong>caederet.</strong></span> 
     </span>
    </p>

    <p class='ocr_par' dir='ltr' id='par_1_4' title="bbox 55 1531 1503 1707">
     <span class='ocr_line' id='line_1_25' title="bbox 178 1531 1434 1591; baseline 0.006 -18"><span class='ocrx_word' id='word_1_173' title='bbox 178 1531 247 1574; x_wconf 87' lang='grc'><strong>24.</strong></span> <span class='ocrx_word' id='word_1_174' title='bbox 277 1531 398 1574; x_wconf 91' lang='lat' dir='ltr'><strong>Idem</strong></span> <span class='ocrx_word' id='word_1_175' title='bbox 423 1533 477 1574; x_wconf 87' lang='lat' dir='ltr'><strong>ad</strong></span> <span class='ocrx_word' id='word_1_176' title='bbox 495 1532 855 1589; x_wconf 89' lang='lat' dir='ltr'><strong>Trasumennum,</strong></span> <span class='ocrx_word' id='word_1_177' title='bbox 884 1549 979 1577; x_wconf 88' lang='lat' dir='ltr'><strong>cum</strong></span> <span class='ocrx_word' id='word_1_178' title='bbox 1006 1538 1100 1578; x_wconf 84' lang='lat' dir='ltr'><strong>arta</strong></span> <span class='ocrx_word' id='word_1_179' title='bbox 1126 1537 1336 1591; x_wconf 89' lang='lat' dir='ltr'><strong>quaedam</strong></span> <span class='ocrx_word' id='word_1_180' title='bbox 1359 1538 1434 1579; x_wconf 86' lang='lat' dir='ltr'><strong>uia</strong></span> 
     </span>
     <span class='ocr_line' id='line_1_26' title="bbox 88 1588 1503 1650; baseline 0.006 -20"><span class='ocrx_word' id='word_1_181' title='bbox 88 1588 229 1642; x_wconf 85' lang='lat' dir='ltr'><strong>in&lt;ter</strong></span> <span class='ocrx_word' id='word_1_182' title='bbox 258 1590 400 1632; x_wconf 89' lang='lat' dir='ltr'><strong>lacum</strong></span> <span class='ocrx_word' id='word_1_183' title='bbox 432 1591 504 1645; x_wconf 85' lang='lat' dir='ltr'><strong>et&gt;</strong></span> <span class='ocrx_word' id='word_1_184' title='bbox 535 1591 699 1634; x_wconf 89' lang='lat' dir='ltr'><strong>radices</strong></span> <span class='ocrx_word' id='word_1_185' title='bbox 736 1593 899 1635; x_wconf 90' lang='lat' dir='ltr'><strong>montis</strong></span> <span class='ocrx_word' id='word_1_186' title='bbox 935 1594 981 1635; x_wconf 90' lang='lat' dir='ltr'><strong>in</strong></span> <span class='ocrx_word' id='word_1_187' title='bbox 1018 1608 1194 1649; x_wconf 87' lang='lat' dir='ltr'><strong>campos</strong></span> <span class='ocrx_word' id='word_1_188' title='bbox 1232 1598 1432 1650; x_wconf 87' lang='lat' dir='ltr'><strong>patentes</strong></span> <span class='ocrx_word' id='word_1_189' title='bbox 1458 1608 1503 1640; x_wconf 80' lang='lat'><strong>25</strong></span> 
     </span>
     <span class='ocr_line' id='line_1_27' title="bbox 55 1646 1434 1707; baseline 0.006 -19"><span class='ocrx_word' id='word_1_190' title='bbox 55 1673 60 1676; x_wconf 92' lang='lat'><em>-</em></span> <span class='ocrx_word' id='word_1_191' title='bbox 89 1646 273 1701; x_wconf 89' lang='lat' dir='ltr'><strong>duceret,</strong></span> <span class='ocrx_word' id='word_1_192' title='bbox 291 1649 492 1691; x_wconf 82' lang='lat' dir='ltr'><strong>simulata</strong></span> <span class='ocrx_word' id='word_1_193' title='bbox 514 1649 620 1705; x_wconf 82' lang='lat' dir='ltr'><strong>fuga</strong></span> <span class='ocrx_word' id='word_1_194' title='bbox 642 1665 720 1704; x_wconf 89' lang='lat' dir='ltr'><strong>per</strong></span> <span class='ocrx_word' id='word_1_195' title='bbox 744 1653 969 1706; x_wconf 85' lang='lat' dir='ltr'><strong>angustias</strong></span> <span class='ocrx_word' id='word_1_196' title='bbox 995 1652 1049 1694; x_wconf 86' lang='lat' dir='ltr'><strong>ad</strong></span> <span class='ocrx_word' id='word_1_197' title='bbox 1074 1654 1269 1707; x_wconf 87' lang='lat' dir='ltr'><strong>patentia</strong></span> <span class='ocrx_word' id='word_1_198' title='bbox 1294 1654 1434 1696; x_wconf 87' lang='lat' dir='ltr'><strong>euasit</strong></span> 
     </span>
    </p>
   </div>
   <div class='ocr_carea' id='block_1_3' title="bbox 22 1705 1434 1765">
    <p class='ocr_par' dir='ltr' id='par_1_5' title="bbox 22 1705 1434 1765">
     <span class='ocr_line' id='line_1_28' title="bbox 22 1705 1434 1765; baseline 0.006 -19"><span class='ocrx_word' id='word_1_199' title='bbox 22 1721 25 1723; x_wconf 61' lang='grc'><strong><em>’</em></strong></span> <span class='ocrx_word' id='word_1_200' title='bbox 87 1705 232 1761; x_wconf 88' lang='lat' dir='ltr'><strong>ibique</strong></span> <span class='ocrx_word' id='word_1_201' title='bbox 269 1710 411 1748; x_wconf 89' lang='lat' dir='ltr'><strong>castra</strong></span> <span class='ocrx_word' id='word_1_202' title='bbox 446 1708 592 1762; x_wconf 87' lang='lat' dir='ltr'><strong>posuit</strong></span> <span class='ocrx_word' id='word_1_203' title='bbox 629 1723 678 1750; x_wconf 85' lang='lat' dir='ltr'><strong>ac</strong></span> <span class='ocrx_word' id='word_1_204' title='bbox 713 1712 838 1751; x_wconf 88' lang='lat' dir='ltr'><strong>nocte</strong></span> <span class='ocrx_word' id='word_1_205' title='bbox 876 1710 1098 1765; x_wconf 89' lang='lat' dir='ltr'><strong>dispositis</strong></span> <span class='ocrx_word' id='word_1_206' title='bbox 1136 1711 1351 1755; x_wconf 88' lang='lat' dir='ltr'><strong>militibus</strong></span> <span class='ocrx_word' id='word_1_207' title='bbox 1390 1716 1434 1755; x_wconf 92' lang='lat' dir='ltr'><strong>et</strong></span> 
     </span>
    </p>
   </div>
   <div class='ocr_carea' id='block_1_4' title="bbox 87 1764 1433 1826">
    <p class='ocr_par' dir='ltr' id='par_1_6' title="bbox 87 1764 1433 1826">
     <span class='ocr_line' id='line_1_29' title="bbox 87 1764 1433 1826; baseline 0.007 -21"><span class='ocrx_word' id='word_1_208' title='bbox 87 1778 164 1818; x_wconf 88' lang='lat' dir='ltr'><strong>per</strong></span> <span class='ocrx_word' id='word_1_209' title='bbox 191 1764 354 1819; x_wconf 89' lang='lat' dir='ltr'><strong>collem,</strong></span> <span class='ocrx_word' id='word_1_210' title='bbox 380 1766 454 1821; x_wconf 91' lang='lat' dir='ltr'><strong>qui</strong></span> <span class='ocrx_word' id='word_1_211' title='bbox 477 1765 729 1821; x_wconf 86' lang='lat' dir='ltr'><strong>inminebat,</strong></span> <span class='ocrx_word' id='word_1_212' title='bbox 759 1770 801 1809; x_wconf 91' lang='lat' dir='ltr'><strong>et</strong></span> <span class='ocrx_word' id='word_1_213' title='bbox 826 1768 871 1809; x_wconf 91' lang='lat' dir='ltr'><strong>in</strong></span> <span class='ocrx_word' id='word_1_214' title='bbox 895 1769 1102 1811; x_wconf 89' lang='lat' dir='ltr'><strong>lateribus</strong></span> <span class='ocrx_word' id='word_1_215' title='bbox 1134 1771 1433 1826; x_wconf 86' lang='lat' dir='ltr'><strong>angustiarum</strong></span> 
     </span>
    </p>
   </div>
   <div class='ocr_carea' id='block_1_5' title="bbox 91 1871 370 1879">
    <p class='ocr_par' dir='ltr' id='par_1_7' title="bbox 91 1871 370 1879">
     <span class='ocr_line' id='line_1_30' title="bbox 91 1871 370 1879; baseline 0 0"><span class='ocrx_word' id='word_1_216' title='bbox 91 1871 370 1879; x_wconf 95' lang='lat' dir='ltr'><strong> </strong></span> 
     </span>
    </p>
   </div>
   <div class='ocr_carea' id='block_1_6' title="bbox 86 1925 1433 2350">
    <p class='ocr_par' dir='ltr' id='par_1_8' title="bbox 86 1925 1433 2350">
     <span class='ocr_line' id='line_1_31' title="bbox 182 1925 1433 1978; baseline 0.007 -17"><span class='ocrx_word' id='word_1_217' title='bbox 182 1930 203 1962; x_wconf 84' lang='grc'>3</span> <span class='ocrx_word' id='word_1_218' title='bbox 226 1925 438 1963; x_wconf 88' lang='lat' dir='ltr'><strong>immineret</strong></span> <span class='ocrx_word' id='word_1_219' title='bbox 462 1930 501 1963; x_wconf 85' lang='lat' dir='ltr'><strong>et</strong></span> <span class='ocrx_word' id='word_1_220' title='bbox 518 1928 566 1963; x_wconf 89' lang='grc' dir='ltr'><em>Η</em></span> <span class='ocrx_word' id='word_1_221' title='bbox 581 1930 587 1972; x_wconf 83' lang='grc' dir='ltr'>Ι</span> <span class='ocrx_word' id='word_1_222' title='bbox 607 1932 630 1963; x_wconf 83' lang='grc'><strong>6</strong></span> <span class='ocrx_word' id='word_1_223' title='bbox 655 1929 866 1965; x_wconf 77' lang='lat' dir='ltr'><strong>uocantium</strong></span> <span class='ocrx_word' id='word_1_224' title='bbox 883 1930 930 1966; x_wconf 91' lang='lat' dir='ltr'><strong>H</strong></span> <span class='ocrx_word' id='word_1_225' title='bbox 945 1933 951 1976; x_wconf 82' lang='grc' dir='ltr'>Ι</span> <span class='ocrx_word' id='word_1_226' title='bbox 974 1935 994 1966; x_wconf 84' lang='grc'><strong>7</strong></span> <span class='ocrx_word' id='word_1_227' title='bbox 1020 1934 1245 1977; x_wconf 83' lang='lat' dir='ltr'><strong>occuparent</strong></span> <span class='ocrx_word' id='word_1_228' title='bbox 1270 1935 1371 1978; x_wconf 84' lang='lat' dir='ltr'><strong>(rent</strong></span> <span class='ocrx_word' id='word_1_229' title='bbox 1391 1936 1433 1970; x_wconf 77' lang='lat' dir='ltr'><strong>in</strong></span> 
     </span>
     <span class='ocr_line' id='line_1_32' title="bbox 86 1974 1430 2026; baseline 0.007 -18"><span class='ocrx_word' id='word_1_230' title='bbox 86 1983 160 2009; x_wconf 72' lang='lat' dir='ltr'><strong>ras.</strong></span> <span class='ocrx_word' id='word_1_231' title='bbox 180 1974 295 2009; x_wconf 77' lang='lat' dir='ltr'><strong>decem</strong></span> <span class='ocrx_word' id='word_1_232' title='bbox 312 1975 387 2017; x_wconf 83' lang='lat' dir='ltr'><strong>fere</strong></span> <span class='ocrx_word' id='word_1_233' title='bbox 405 1975 474 2011; x_wconf 77' lang='lat' dir='ltr'><strong>litt.</strong></span> <span class='ocrx_word' id='word_1_234' title='bbox 493 1976 532 2019; x_wconf 80' lang='lat' dir='ltr'><strong>h)</strong></span> <span class='ocrx_word' id='word_1_235' title='bbox 552 1975 598 2011; x_wconf 90' lang='lat' dir='ltr'><strong>H</strong></span> <span class='ocrx_word' id='word_1_236' title='bbox 615 1978 621 2020; x_wconf 92' lang='grc' dir='ltr'>Ι</span> <span class='ocrx_word' id='word_1_237' title='bbox 648 1980 668 2012; x_wconf 82' lang='grc'>9</span> <span class='ocrx_word' id='word_1_238' title='bbox 694 1978 1002 2013; x_wconf 84' lang='lat' dir='ltr'><strong>consurrexerunt</strong></span> <span class='ocrx_word' id='word_1_239' title='bbox 1018 1979 1216 2021; x_wconf 73' lang='lat' dir='ltr'><strong>(onam-rex</strong></span> <span class='ocrx_word' id='word_1_240' title='bbox 1238 1981 1280 2016; x_wconf 82' lang='lat' dir='ltr'><strong>in</strong></span> <span class='ocrx_word' id='word_1_241' title='bbox 1298 1993 1372 2017; x_wconf 80' lang='lat' dir='ltr'><strong>ras.</strong></span> <span class='ocrx_word' id='word_1_242' title='bbox 1390 1983 1430 2026; x_wconf 79' lang='lat' dir='ltr'><strong>h)</strong></span> 
     </span>
     <span class='ocr_line' id='line_1_33' title="bbox 87 2019 1428 2075; baseline 0.007 -20"><span class='ocrx_word' id='word_1_243' title='bbox 87 2019 133 2055; x_wconf 85' lang='lat' dir='ltr'><strong>H</strong></span> <span class='ocrx_word' id='word_1_244' title='bbox 150 2020 156 2064; x_wconf 84' lang='grc'>1</span> <span class='ocrx_word' id='word_1_245' title='bbox 180 2024 223 2056; x_wconf 89' lang='grc'><strong>10</strong></span> <span class='ocrx_word' id='word_1_246' title='bbox 246 2020 386 2056; x_wconf 90' lang='lat' dir='ltr'><strong>munici</strong></span> <span class='ocrx_word' id='word_1_247' title='bbox 404 2022 463 2057; x_wconf 89' lang='lat' dir='ltr'><strong>H¹</strong></span> <span class='ocrx_word' id='word_1_248' title='bbox 493 2022 647 2058; x_wconf 84' lang='lat' dir='ltr'><strong>munieii</strong></span> <span class='ocrx_word' id='word_1_249' title='bbox 671 2023 695 2058; x_wconf 80' lang='lat' dir='ltr'><strong><em>h</em></strong></span> <span class='ocrx_word' id='word_1_250' title='bbox 724 2023 874 2060; x_wconf 86' lang='lat' dir='ltr'><strong>minutii</strong></span> <span class='ocrx_word' id='word_1_251' title='bbox 893 2025 955 2068; x_wconf 80' lang='lat' dir='ltr'><strong>Pl</strong></span> <span class='ocrx_word' id='word_1_252' title='bbox 986 2029 1029 2060; x_wconf 91' lang='lat'><strong>11</strong></span> <span class='ocrx_word' id='word_1_253' title='bbox 1056 2026 1316 2064; x_wconf 85' lang='lat' dir='ltr'><strong>subuenissent</strong></span> <span class='ocrx_word' id='word_1_254' title='bbox 1334 2029 1394 2064; x_wconf 87' lang='lat' dir='ltr'><strong>H¹</strong></span> <span class='ocrx_word' id='word_1_255' title='bbox 1423 2029 1428 2075; x_wconf 93' lang='grc' dir='ltr'>Ι</span> 
     </span>
     <span class='ocr_line' id='line_1_34' title="bbox 89 2067 1431 2119; baseline 0.007 -17"><span class='ocrx_word' id='word_1_256' title='bbox 89 2071 132 2102; x_wconf 82' lang='grc'><strong>13</strong></span> <span class='ocrx_word' id='word_1_257' title='bbox 152 2067 343 2113; x_wconf 82' lang='lat' dir='ltr'><strong>symproni</strong></span> <span class='ocrx_word' id='word_1_258' title='bbox 362 2068 421 2104; x_wconf 81' lang='grc' dir='ltr'><strong>Η1</strong></span> <span class='ocrx_word' id='word_1_259' title='bbox 452 2070 656 2115; x_wconf 86' lang='lat' dir='ltr'><strong>sympronii</strong></span> <span class='ocrx_word' id='word_1_260' title='bbox 674 2070 744 2105; x_wconf 75' lang='lat' dir='ltr'><strong>hP</strong></span> <span class='ocrx_word' id='word_1_261' title='bbox 762 2072 768 2115; x_wconf 89' lang='grc' dir='ltr'>Ι</span> <span class='ocrx_word' id='word_1_262' title='bbox 789 2071 932 2108; x_wconf 89' lang='lat' dir='ltr'><strong>medios</strong></span> <span class='ocrx_word' id='word_1_263' title='bbox 950 2072 998 2108; x_wconf 91' lang='lat' dir='ltr'><strong>H</strong></span> <span class='ocrx_word' id='word_1_264' title='bbox 1017 2077 1102 2109; x_wconf 70' lang='lat' dir='ltr'><strong>ante</strong></span> <span class='ocrx_word' id='word_1_265' title='bbox 1118 2085 1192 2111; x_wconf 76' lang='lat' dir='ltr'><strong>ras.</strong></span> <span class='ocrx_word' id='word_1_266' title='bbox 1213 2075 1219 2119; x_wconf 88' lang='grc'>1</span> <span class='ocrx_word' id='word_1_267' title='bbox 1249 2079 1296 2111; x_wconf 82' lang='lat'><strong>14·</strong></span> <span class='ocrx_word' id='word_1_268' title='bbox 1318 2075 1431 2111; x_wconf 83' lang='lat' dir='ltr'><strong>inter-</strong></span> 
     </span>
     <span class='ocr_line' id='line_1_35' title="bbox 87 2113 1431 2168; baseline 0.007 -20"><span class='ocrx_word' id='word_1_269' title='bbox 87 2113 284 2150; x_wconf 84' lang='lat' dir='ltr'><strong>fluentaH</strong></span> <span class='ocrx_word' id='word_1_270' title='bbox 299 2115 306 2160; x_wconf 90' lang='grc' dir='ltr'>Ι</span> <span class='ocrx_word' id='word_1_271' title='bbox 326 2116 505 2161; x_wconf 81' lang='lat' dir='ltr'><strong>gemeH¹</strong></span> <span class='ocrx_word' id='word_1_272' title='bbox 526 2117 532 2160; x_wconf 87' lang='grc' dir='ltr'>Ι</span> <span class='ocrx_word' id='word_1_273' title='bbox 555 2120 598 2152; x_wconf 84' lang='grc'><strong>15</strong></span> <span class='ocrx_word' id='word_1_274' title='bbox 625 2116 896 2162; x_wconf 87' lang='lat' dir='ltr'><strong>eligendamH</strong></span> <span class='ocrx_word' id='word_1_275' title='bbox 915 2119 1162 2157; x_wconf 70' lang='lat' dir='ltr'><strong>deliniendam</strong></span> <span class='ocrx_word' id='word_1_276' title='bbox 1177 2122 1214 2156; x_wconf 92' lang='lat' dir='ltr'><em>P</em></span> <span class='ocrx_word' id='word_1_277' title='bbox 1233 2123 1238 2166; x_wconf 94' lang='grc' dir='ltr'>Ι</span> <span class='ocrx_word' id='word_1_278' title='bbox 1262 2126 1305 2158; x_wconf 82' lang='grc'><strong>16</strong></span> <span class='ocrx_word' id='word_1_279' title='bbox 1332 2133 1431 2168; x_wconf 82' lang='lat' dir='ltr'><strong>sym-</strong></span> 
     </span>
     <span class='ocr_line' id='line_1_36' title="bbox 86 2159 1433 2214; baseline 0.008 -20"><span class='ocrx_word' id='word_1_280' title='bbox 86 2159 195 2204; x_wconf 88' lang='lat' dir='ltr'><strong>proni</strong></span> <span class='ocrx_word' id='word_1_281' title='bbox 218 2160 264 2196; x_wconf 88' lang='lat' dir='ltr'><strong>H</strong></span> <span class='ocrx_word' id='word_1_282' title='bbox 290 2163 490 2207; x_wconf 85' lang='lat' dir='ltr'><strong>sempronii</strong></span> <span class='ocrx_word' id='word_1_283' title='bbox 514 2163 574 2207; x_wconf 83' lang='grc' dir='ltr'><strong>ΡΙ</strong></span> <span class='ocrx_word' id='word_1_284' title='bbox 604 2168 646 2199; x_wconf 83' lang='grc'><strong>19</strong></span> <span class='ocrx_word' id='word_1_285' title='bbox 671 2165 860 2201; x_wconf 85' lang='lat' dir='ltr'><strong>insecutus</strong></span> <span class='ocrx_word' id='word_1_286' title='bbox 883 2167 909 2202; x_wconf 80' lang='lat' dir='ltr'><strong>d</strong></span> <span class='ocrx_word' id='word_1_287' title='bbox 930 2167 936 2213; x_wconf 89' lang='grc' dir='ltr'>Ι</span> <span class='ocrx_word' id='word_1_288' title='bbox 962 2167 1114 2203; x_wconf 89' lang='lat' dir='ltr'><strong>ieunum</strong></span> <span class='ocrx_word' id='word_1_289' title='bbox 1138 2168 1185 2203; x_wconf 91' lang='lat' dir='ltr'><strong>H</strong></span> <span class='ocrx_word' id='word_1_290' title='bbox 1201 2169 1207 2214; x_wconf 79' lang='grc' dir='ltr'>Ι</span> <span class='ocrx_word' id='word_1_291' title='bbox 1238 2172 1283 2204; x_wconf 88' lang='grc'><strong>22</strong></span> <span class='ocrx_word' id='word_1_292' title='bbox 1309 2169 1433 2205; x_wconf 74' lang='lat' dir='ltr'><strong>fuerat</strong></span> 
     </span>
     <span class='ocr_line' id='line_1_37' title="bbox 88 2207 1432 2258; baseline 0.006 -15"><span class='ocrx_word' id='word_1_293' title='bbox 88 2207 145 2243; x_wconf 90' lang='lat' dir='ltr'><strong>H¹</strong></span> <span class='ocrx_word' id='word_1_294' title='bbox 179 2210 184 2250; x_wconf 78' lang='grc'>1</span> <span class='ocrx_word' id='word_1_295' title='bbox 218 2211 263 2244; x_wconf 84' lang='grc'><strong>23</strong></span> <span class='ocrx_word' id='word_1_296' title='bbox 288 2209 352 2254; x_wconf 84' lang='lat' dir='ltr'><strong>qui</strong></span> <span class='ocrx_word' id='word_1_297' title='bbox 375 2209 469 2254; x_wconf 88' lang='grc' dir='ltr'><strong>ΗΡ,</strong></span> <span class='ocrx_word' id='word_1_298' title='bbox 492 2220 584 2246; x_wconf 73' lang='lat' dir='ltr'><strong>corr.</strong></span> <span class='ocrx_word' id='word_1_299' title='bbox 607 2212 632 2246; x_wconf 80' lang='lat' dir='ltr'><strong>d</strong></span> <span class='ocrx_word' id='word_1_300' title='bbox 664 2213 670 2255; x_wconf 92' lang='grc' dir='ltr'>Ι</span> <span class='ocrx_word' id='word_1_301' title='bbox 707 2215 753 2246; x_wconf 83' lang='grc'><strong>24</strong></span> <span class='ocrx_word' id='word_1_302' title='bbox 777 2212 1083 2258; x_wconf 81' lang='lat' dir='ltr'><strong>thrasymennum</strong></span> <span class='ocrx_word' id='word_1_303' title='bbox 1108 2215 1194 2250; x_wconf 87' lang='grc' dir='ltr'><strong>ΗΡ</strong></span> <span class='ocrx_word' id='word_1_304' title='bbox 1223 2218 1228 2254; x_wconf 81' lang='grc' dir='ltr'>Ι</span> <span class='ocrx_word' id='word_1_305' title='bbox 1262 2219 1308 2251; x_wconf 83' lang='grc'><strong>25</strong></span> <span class='ocrx_word' id='word_1_306' title='bbox 1332 2216 1432 2252; x_wconf 86' lang='lat' dir='ltr'><strong>inter</strong></span> 
     </span>
     <span class='ocr_line' id='line_1_38' title="bbox 87 2253 1430 2307; baseline 0.007 -19"><span class='ocrx_word' id='word_1_307' title='bbox 87 2253 211 2289; x_wconf 67' lang='lat' dir='ltr'><strong>lacum</strong></span> <span class='ocrx_word' id='word_1_308' title='bbox 236 2256 276 2290; x_wconf 82' lang='lat' dir='ltr'><strong>et</strong></span> <span class='ocrx_word' id='word_1_309' title='bbox 298 2255 440 2292; x_wconf 86' lang='lat' dir='ltr'><strong>radices</strong></span> <span class='ocrx_word' id='word_1_310' title='bbox 460 2257 594 2293; x_wconf 72' lang='lat' dir='ltr'><strong>Hoertel</strong></span> <span class='ocrx_word' id='word_1_311' title='bbox 617 2259 695 2295; x_wconf 84' lang='lat' dir='ltr'><strong>coll.</strong></span> <span class='ocrx_word' id='word_1_312' title='bbox 714 2259 801 2294; x_wconf 72' lang='lat' dir='ltr'><strong>Liu.</strong></span> <span class='ocrx_word' id='word_1_313' title='bbox 820 2261 885 2302; x_wconf 80' lang='lat'><strong>22,</strong></span> <span class='ocrx_word' id='word_1_314' title='bbox 902 2263 926 2296; x_wconf 81' lang='lat'><strong><em>4</em></strong></span> <span class='ocrx_word' id='word_1_315' title='bbox 949 2260 989 2296; x_wconf 89' lang='lat' dir='ltr'><strong>in</strong></span> <span class='ocrx_word' id='word_1_316' title='bbox 1012 2261 1157 2298; x_wconf 86' lang='lat' dir='ltr'><strong>radices</strong></span> <span class='ocrx_word' id='word_1_317' title='bbox 1175 2261 1221 2297; x_wconf 93' lang='lat' dir='ltr'><strong>H</strong></span> <span class='ocrx_word' id='word_1_318' title='bbox 1223 2262 1261 2297; x_wconf 89' lang='lat' dir='ltr'><strong><em>P</em></strong></span> <span class='ocrx_word' id='word_1_319' title='bbox 1280 2274 1349 2307; x_wconf 88' lang='lat' dir='ltr'><strong>per</strong></span> <span class='ocrx_word' id='word_1_320' title='bbox 1372 2273 1430 2298; x_wconf 81' lang='lat' dir='ltr'><strong>ra-</strong></span> 
     </span>
     <span class='ocr_line' id='line_1_39' title="bbox 89 2300 884 2350; baseline 0.008 -14"><span class='ocrx_word' id='word_1_321' title='bbox 89 2300 189 2337; x_wconf 88' lang='lat' dir='ltr'><strong>dices</strong></span> <span class='ocrx_word' id='word_1_322' title='bbox 211 2302 270 2337; x_wconf 77' lang='lat' dir='ltr'><strong>uel</strong></span> <span class='ocrx_word' id='word_1_323' title='bbox 293 2301 333 2338; x_wconf 91' lang='lat' dir='ltr'><strong>in</strong></span> <span class='ocrx_word' id='word_1_324' title='bbox 356 2303 482 2339; x_wconf 88' lang='lat' dir='ltr'><strong>radice</strong></span> <span class='ocrx_word' id='word_1_325' title='bbox 500 2304 526 2339; x_wconf 80' lang='lat' dir='ltr'><strong>d</strong></span> <span class='ocrx_word' id='word_1_326' title='bbox 558 2307 564 2349; x_wconf 84' lang='lat'>1</span> <span class='ocrx_word' id='word_1_327' title='bbox 598 2308 642 2340; x_wconf 87' lang='grc'><strong>26</strong></span> <span class='ocrx_word' id='word_1_328' title='bbox 668 2306 814 2350; x_wconf 85' lang='lat' dir='ltr'><strong>patenti</strong></span> <span class='ocrx_word' id='word_1_329' title='bbox 838 2306 884 2342; x_wconf 90' lang='lat' dir='ltr'><strong>H</strong></span> 
     </span>
    </p>
   </div>
  </div>
 </body>
</html>
