1612 2488
488 93 636 130 LIBER
659 95 687 130 Ι.
726 93 828 131 CAP.
854 98 958 131 2—4.
1344 97 1397 138 11

140 201 181 245 6.
210 201 521 244 Tbemistocles
541 202 800 245 aduentante
818 202 970 259 Xerxe,
996 204 1098 259 quia
1114 218 1253 260 neque
1274 220 1399 260 proe-

53 260 114 304 lio
135 260 326 316 pedestri
348 275 486 316 neque
510 262 673 304 tutelae
698 261 848 304 finium
866 277 1004 318 neque
1023 263 1240 306 obsidioni
1259 264 1400 306 crede·

51 319 129 362 bat
147 319 342 362 sufficere
361 320 663 374 Athenienses,
687 323 837 363 auctor
860 321 946 363 fuit
964 323 1027 364 eis
1045 322 1204 365 liberos
1231 326 1275 364 et
1299 338 1400 366 con-

51 378 172 434 iuges
190 378 237 420 in
250 377 468 421 Troezena
488 381 532 421 et
549 380 596 421 in
613 379 722 422 alias
740 380 868 422 urbes
889 381 1147 423 amandandi
1164 381 1399 437 relictoque

53 436 213 493 oppido
248 439 412 480 statum
447 437 552 480 belli
584 438 639 480 ad
667 439 824 480 nauale
854 440 1068 494 proelium
1099 441 1399 483 transferendi.
1425 452 1446 484 5

141 496 201 548 [7.
230 494 351 538 Idem
380 495 486 538 fecit
508 497 554 538 in
580 497 727 539 eadem
754 498 931 540 ciuitate
957 499 1144 541 Pericles
1170 499 1399 542 aduersum

51 553 444 607 Lacedaemonios]

139 613 179 656 8.
209 610 371 669 Scipio,
401 617 604 656 manente
628 615 675 657 in
699 615 830 658 Italia
853 615 1117 672 Hannibale,
1141 617 1399 660 transmisso

49 671 97 714 in
138 671 334 714 Africam
383 673 571 715 exercitu
619 674 923 717 necessitatem
967 674 1398 732 Carthaginiensibus

50 730 244 784 inposuit
273 731 504 773 revocandi
531 731 842 775 Hannibalem:
874 733 936 776 sic
967 749 993 776 a
1025 734 1273 777 domesticis
1303 735 1399 777 fini·
1428 746 1470 778 10

48 789 130 831 bus
162 789 267 844 (in)
297 789 478 833 hostiles
509 791 735 833 transtulit
765 792 936 834 bellum.

138 848 178 890 9.
215 847 520 902 Athenienses,
558 863 655 891 cum
686 849 905 893 Deceliam
941 852 1168 893 castellum
1204 852 1398 907 ipsorum

51 905 378 949 Lacedaemonii
409 908 746 950 communissent
772 911 816 950 et
839 909 1106 965 frequentius
1131 914 1400 965 vexarentur,

51 965 252 1020 classem,
282 979 391 1020 quae
413 965 760 1022 Peloponensum
785 967 1032 1023 infestaret,
1062 969 1275 1012 miserunt
1300 984 1399 1012 con-

51 1024 270 1079 secutique
312 1026 430 1078 sunt,
473 1027 522 1066 ut
564 1026 776 1069 exercitus
819 1026 1276 1083 Lacedaemoniorum,
1325 1029 1398 1084 qui
1427 1040 1468 1071 15

50 1081 249 1124 Deceliae
280 1085 392 1138 erat,
421 1087 710 1126 reuocaretur.

140 1141 207 1183 10.
242 1140 487 1197 Imperator
523 1141 682 1185 Caesar
711 1143 985 1187 Domitianus
1018 1144 1262 1201 Augustus,
1300 1161 1398 1188 cum

0 1244 3 1245 ⁷
50 1197 254 1242 Germani
283 1214 403 1242 more
428 1215 506 1243 suo
532 1216 554 1243 e
581 1202 764 1245 saltibus
790 1205 834 1245 et
859 1204 1055 1246 obscuris
1086 1205 1267 1247 latebris
1301 1206 1398 1247 sub-

49 1257 147 1300 inde
177 1259 468 1314 inpugnarent
497 1263 670 1303 nostros
701 1264 930 1317 tutumque
960 1277 1203 1319 regressum
1231 1264 1276 1306 in
1300 1278 1398 1318 pro-

48 1315 184 1359 funda
208 1317 414 1360 siluarum
439 1318 669 1375 haberent,
698 1321 911 1363 limitibus
937 1336 1015 1376 per
1040 1325 1212 1364 centum
1238 1323 1396 1379 uiginti
1423 1333 1467 1366 20

49 1375 170 1418 milia
197 1390 405 1430 passuum
430 1378 539 1419 actis
564 1393 655 1420 non
680 1380 868 1421 mutauit
891 1382 1063 1422 tantum
1088 1383 1252 1424 statum
1278 1381 1397 1435 belli,

51 1433 137 1534 sedi
162 1436 206 1476 et
242 1434 425 1478 subiecit
460 1436 618 1479 dicioni
656 1452 758 1480 suae
794 1438 962 1493 hostes,
1006 1454 1187 1494 quorum
1227 1441 1396 1496 refugia

50 1506 109 1534 nu
140 1496 300 1535 auerat.

48 1605 128 1642 IIII.
170 1607 235 1643 DE
266 1608 940 1695 TRANSDUCEnggFgSX'lssffclTU
971 1613 1066 1649 PER
1091 1614 1219 1651 LOCA
1250 1615 1396 1650 HOSTI
1421 1665 1466 1696 25

141 1726 178 1767 1.
214 1725 426 1768 Aemilius
458 1728 617 1771 Paulus
656 1731 807 1772 consul
844 1746 940 1774 cum
978 1733 1025 1773 in
1056 1733 1242 1775 Lucanis
1273 1734 1395 1776 iuxta

50 1783 154 1825 litus
194 1788 381 1840 angusto
422 1786 576 1829 itinere
614 1789 845 1830 exercitum
883 1790 1056 1832 duceret
1093 1794 1136 1833 et
1173 1791 1396 1834 Tarentini

143 1903 167 1934 4
189 1901 341 1936 trozena
357 1901 402 1936 Η
405 1901 466 1943 ΡΙ
496 1902 721 1938 amandandi
747 1904 853 1939 Mod.
887 1905 1062 1940 affidandi
1081 1906 1127 1940 H
1149 1906 1338 1942 ominandi
1360 1907 1398 1942 P

48 1945 244 1982 emittendi
268 1948 293 1983 d
325 1950 330 1991 Ι
363 1948 566 1993 relictaque
591 1949 649 1984 1ἔὶἸ
684 1954 689 1991 Ι
723 1954 743 1985 6
770 1952 968 1996 exemplum
993 1953 1171 1997 alienum,
1203 1955 1249 1997 cf.
1273 1955 1394 1998 praef.

48 1991 77 2038 §
99 1997 123 2028 9
151 1995 157 2036 Ι
190 1997 212 2029 9
238 1994 439 2030 exercitum
457 1995 502 2030 H
523 1999 607 2032 ante
631 2007 705 2032 ras.
727 1998 733 2041 Ι
767 1997 1112 2044 carthaginensibus
1136 2001 1184 2034 H
1206 2003 1212 2042 Ι
1245 2005 1288 2036 10
1314 2001 1394 2036 fini·

49 2038 117 2074 bus
139 2041 165 2075 d
188 2040 377 2076 funeribus
403 2042 446 2077 Η
455 2042 515 2089 ΡΙ
549 2047 590 2078 11
616 2042 656 2079 in
680 2043 837 2079 hostiles
862 2045 1090 2082 Freinsheim
1114 2047 1252 2083 hostile
1277 2049 1364 2083 ΗΡ
1386 2065 1390 2086 ÷

51 2089 95 2120 13
119 2085 372 2132 frequentibus
396 2088 443 2123 H
465 2092 471 2133 1
505 2091 743 2137 uexarentur]
768 2092 815 2134 cf.
836 2094 956 2137 praef.
981 2093 1008 2140 ,ξ
1032 2097 1079 2128 14
1112 2098 1118 2136 Ι
1154 2099 1198 2130 14
1223 2106 1297 2139 qua
1324 2096 1361 2130 P
1386 2097 1390 2141 Ι

48 2132 333 2178 peloponessum
355 2135 418 2174 ΡΙ
442 2136 663 2173 infestarent
682 2137 776 2182 ΗΡ,
801 2149 893 2175 corr.
918 2141 996 2176 edd.
1020 2143 1026 2184 Ι
1055 2142 1318 2186 consecutique
1339 2142 1391 2184 H,

48 2179 111 2214 sed
134 2190 205 2223 que
229 2191 404 2226 super-scr.
427 2185 433 2227 Ι
469 2187 511 2218 16
536 2184 744 2230 decaelialls
765 2187 859 2228 (una
883 2187 951 2223 litt.
978 2190 1099 2231 erasa)
1125 2188 1171 2222 H
1188 2190 1194 2232 Ι
1225 2192 1271 2223 20
1295 2188 1392 2223 mili-

48 2224 149 2260 tibus
173 2226 267 2271 HP,
291 2239 354 2264 em.
380 2229 457 2265 Ser.

143 2276 188 2308 25
214 2273 358 2311 insessa
383 2276 498 2320 Oud.,·
527 2277 575 2320 cf.
600 2280 636 2320 3,
653 2281 700 2313 13
734 2280 739 2323 Ι
774 2281 819 2314 26
844 2279 998 2327 Paulus]
1024 2282 1149 2327 Papus
1178 2282 1311 2326 Tenn.‚·
1344 2283 1392 2326 cf.

23 2319 164 2363 .praef.
189 2319 218 2366 5
235 2324 279 2356 11
308 2323 315 2368 Ι
342 2326 387 2358 27
412 2322 548 2359 rentini
575 2324 636 2359 Ηι
