1612 2488
493 107 638 145 LIBER
659 107 722 144 IV.
758 106 861 144 CAP.
888 111 991 144 1—3.
1330 105 1417 148 125

67 216 168 261 inde
204 230 231 261 a
266 215 473 272 Philippo
511 219 636 271 patre
670 215 925 271 disciplinae
969 214 1227 258 adsuefactis
1267 214 1418 257 orbem

70 279 280 322 temtum
306 275 534 331 adgressus
557 274 895 318 innumerabiles
919 274 1112 317 hostium
1131 273 1277 330 copias
1299 272 1417 316 uicit.

157 333 198 377 5.
242 331 382 389 Cyrus
400 334 515 377 bello
535 333 740 376 aduersus
759 333 915 376 Persas
939 333 1280 389 quattuordecim
1305 331 1418 375 mili-

69 393 151 435 bus
183 395 447 437 armatorum
476 392 694 436 inmensas
725 392 1000 435 difficultates
1032 392 1263 448 superauit.

158 452 199 494 6.
239 450 562 506 Epaminondas
579 451 666 494 dux
683 450 987 494 Thebanorum
1011 454 1216 506 quattuor
1240 450 1418 492 milibus
1443 460 1465 493 5

70 509 313 565 hominum,
360 524 426 556 ex.
460 511 615 566 quibus
658 508 804 554 CCCC
849 513 1020 552 tantum
1069 510 1234 566 equites
1283 512 1418 564 erant,

70 568 505 615 lacedaemoniorum
542 569 775 612 exercitum
811 569 971 624 uiginti
1007 571 1214 624 quattuor
1250 568 1418 611 milium

70 627 276 683 peditum,
305 629 498 684 equitum
530 628 646 669 mille
679 631 970 671 sescentorum
1000 627 1116 671 uicit.

162 687 201 730 7.
243 687 283 728 A
307 686 648 742 quattuordecim
673 687 848 730 milibus
875 685 1149 741 Graecorum,
1173 686 1247 742 qui
1271 700 1419 728 nume-

70 759 146 787 rus
175 745 221 787 in
252 745 423 787 auxiliis
454 743 556 800 Cyri
588 745 792 788 aduersus
823 744 1093 788 Artaxerxen
1122 745 1215 799 fuit,
1246 748 1419 787 centum
1447 754 1490 787 10

74 803 197 846 milia
226 803 509 846 barbarorum
541 805 704 859 proelio
737 807 939 859 superata
970 807 1082 847 sunt.

164 862 205 905 8.
234 861 400 905 Eadem
414 861 678 906 Graecorum
697 863 896 918 [proelio]
925 863 1268 918 quattuordecim
1300 863 1420 904 milia

74 920 246 964 amissis
277 921 476 976 ducibus,
511 922 673 964 reditus
710 923 778 964 sui
809 937 912 965 cura
942 923 1019 964 uni
1050 936 1102 964 ex
1132 936 1309 976 corpore
1341 936 1419 964 suo

73 977 354 1035 Xenophonti
372 980 629 1022 Atheniensi
647 980 916 1035 demandata,
940 996 1019 1035 per
1041 981 1190 1036 iniqua
1208 983 1252 1023 et
1269 981 1420 1037 ignota

74 1037 172 1081 loca
200 1038 437 1081 incolumia
465 1053 641 1081 reuersa
670 1042 782 1083 sunt.
1446 1048 1490 1081 15

160 1097 201 1139 9.
242 1096 404 1141 Xerxes
436 1112 462 1140 a
491 1098 693 1141 trecentis
731 1098 1168 1141 Lacedaemoniorum
1206 1098 1260 1140 ad
1290 1098 1420 1140 Ther-

73 1156 272 1210 mopylas
302 1159 493 1210 uexatus,
523 1171 621 1199 cum
651 1156 725 1199 uix
757 1172 830 1200 eos
860 1158 1128 1209 confecisset,
1158 1157 1241 1200 hoc
1272 1171 1318 1199 se
1349 1157 1421 1199 de-

74 1217 246 1269 ceptum
276 1214 433 1267 aiebat,
463 1215 576 1269 quod
609 1216 766 1258 multos
798 1216 970 1271 quidem
1000 1216 1198 1259 homines
1229 1216 1420 1270 haberet,

74 1271 191 1316 uiros
222 1276 368 1319 autem
398 1272 650 1328 disciplinae
679 1277 851 1317 tenaces
880 1276 1036 1318 nullos.

482 1411 545 1447 HL
584 1412 648 1446 DE
674 1411 1016 1448 CONTINENTIA.
1444 1415 1491 1447 20

164 1494 200 1538 1.
243 1493 301 1537 Μ.
332 1492 539 1539 Catonem
575 1496 679 1539 uino
717 1497 867 1539 eodem
905 1512 990 1552 quo
1029 1498 1214 1552 remiges
1247 1501 1419 1540 conten·

75 1555 168 1595 tum
197 1552 331 1595 fuisse
361 1553 557 1596 traditur.

163 1612 203 1655 2.
226 1610 460 1666 Fabricius,
479 1627 575 1655 cum
596 1611 752 1656 Cineas
769 1614 937 1670 legatus
957 1614 1238 1669 Epirotarum
1258 1614 1420 1670 grande

55 1668 242 1724 'pondus
268 1669 363 1712 auri
387 1670 499 1712 dono
520 1671 559 1712 ei
589 1671 723 1725 daret,
752 1686 841 1714 non
871 1675 1047 1728 accepto
1074 1687 1123 1715 eo
1150 1673 1258 1715 dixit
1290 1673 1420 1715 malle

75 1742 119 1769 se
150 1727 407 1769 habentibus
437 1728 482 1769 id
512 1729 740 1784 imperare,
771 1745 900 1785 quam
930 1731 1102 1773 habere.
1447 1745 1492 1776 25

164 1786 202 1828 3.
222 1816 228 1822 .
245 1785 407 1828 Atilius
426 1785 630 1842 Regulus,
661 1802 757 1830 cum
783 1789 962 1830 summis
993 1789 1121 1831 rebus
1151 1790 1422 1845 praefuisset,

171 1953 192 1984 2
217 1947 430 1984 innumeras
450 1949 488 1984 P
510 1949 516 1995 Ι
549 1953 571 1985 3
595 1950 660 1986 lwc
685 1951 883 1995 &ternplum
908 1951 1068 1987 alienum
1090 1956 1199 1997 putat
1225 1953 1337 1989 Oud:
1363 1954 1424 1989 sed

77 1995 124 2038 cf.
150 1996 272 2040 praef.
301 1995 329 2042 ἕ
353 2000 376 2032 9
405 1999 411 2041 1
446 1995 560 2041 Cyrus
592 1997 634 2033 in
662 2008 735 2032 ras.
761 1998 785 2032 h
809 1995 942 2042 Cyrrus
968 1999 1005 2034 P
1030 2001 1036 2045 Ι
1069 2001 1248 2044 quattuor
1273 2000 1327 2035 .X.
1355 2000 1390 2036 G·
1415 2001 1420 2046 Ι

78 2057 100 2088 6
125 2052 263 2089 CCCC.
287 2053 394 2090 GhP
415 2053 555 2091 ,CCCQ
581 2055 625 2089 H
633 2055 644 2074 ¹
666 2056 671 2099 Ι
705 2056 853 2091 tantum
876 2075 924 2083 --
947 2057 1326 2094 Lacedaemoniorum
1356 2070 1423 2096 om,

78 2099 143 2135 Ηι
165 2100 171 2144 Ι
193 2104 212 2134 ’1
231 2099 389 2137 .ΧΧΠΙΙ.
408 2105 459 2137 ffi.
481 2101 517 2136 G
537 2104 542 2145 ί
564 2105 588 2138 8
613 2103 869 2139 sexcentorum
886 2104 956 2140 121²
975 2104 983 2149 Ι
1005 2108 1049 2140 10
1068 2108 1170 2141 artai·
1187 2117 1324 2141 xerxen
1342 2106 1429 2141 ΗΡ

80 2148 313 2182 artarxersen
333 2148 394 2193 G}
422 2150 569 2184 centum
596 2149 702 2184 milia
719 2149 807 2185 ΗΡ
830 2155 860 2186 ὃ.
880 2153 927 2187 ιῖι.
950 2152 1012 2197 G}
1042 2156 1084 2187 11
1112 2153 1277 2198 superati
1300 2154 1378 2195 (sed
1401 2165 1424 2188 a

79 2203 195 2237 supra
225 2194 239 2228 i
267 2197 421 2239 scripta)
451 2196 497 2230 H
519 2198 525 2241 Ι
562 2200 604 2231 12
641 2195 783 2241 proelio
812 2208 856 2233 a
886 2199 1013 2243 priore
1044 2210 1155 2235 uersu
1183 2200 1285 2235 haud
1315 2200 1425 2236 dubie

79 2241 270 2284 repetam
292 2242 425 2278 deleui:
455 2247 541 2280 ante
566 2242 713 2279 amissis
736 2244 778 2279 id
805 2247 1107 2291 transpone-unt
1131 2247 1209 2282 edd.
1231 2247 1240 2292 Ι
1268 2249 1312 2282 18
1336 2258 1422 2292 age-

81 2287 148 2321 bat
175 2286 210 2321 G
230 2289 237 2331 Ι
266 2291 311 2323 19
335 2291 461 2325 autem
486 2301 552 2326 om.
581 2290 642 2333 ΡΙ
668 2290 810 2326 tenacis
832 2292 858 2328 Ῑι

173 2337 217 2368 21
244 2334 309 2370 hoc
331 2337 529 2382 exemplum
553 2338 735 2382 superiori
755 2339 872 2383 capiti
894 2340 1026 2375 tribuit
1045 2341 1090 2374 H
1106 2343 1111 2384 ι
1134 2343 1179 2375 25
1203 2339 1340 2376 hebere
1360 2341 1405 2376 H
1411 2341 1423 2361 ¹
