1578 2508
516 568 647 616 IULI
684 569 995 617 FRONTINI

284 695 695 762 STRATE
717 697 1236 763 GEMATON

559 840 720 879 LIBER
751 840 960 880 PRIMUS.

179 963 288 1006 Cum
321 964 375 1007 ad
405 965 702 1008 instruendam
733 966 796 1008 rei
828 966 1029 1009 militaris
1068 967 1292 1010 scientiam
1324 983 1434 1011 unus

90 1038 143 1065 ex
158 1037 336 1066 numero
362 1023 655 1066 studiosorum
679 1026 771 1067 eius
791 1026 1045 1068 accesserim
1064 1026 1187 1081 eique
1206 1026 1436 1082 destinato,
1461 1040 1482 1070 5

87 1085 299 1138 quantum
342 1096 444 1125 cura
486 1085 637 1126 nostra
678 1084 833 1139 ualuit,
876 1085 1138 1127 satisfecisse
1180 1086 1302 1128 uisus
1342 1087 1436 1141 sim,

89 1141 235 1183 deberi
273 1140 411 1184 adhuc
447 1141 671 1184 institutae
712 1143 900 1186 arbitror
941 1158 1114 1199 operae,
1157 1147 1206 1186 ut
1244 1145 1437 1188 sollertia

89 1200 244 1242 ducum
266 1199 397 1255 facta,
422 1214 529 1255 quae
555 1215 581 1242 a
600 1200 774 1244 Graecis
798 1217 885 1244 una
909 1203 1265 1255 (τρατηγημάτων
1290 1205 1437 1259 appel·

88 1258 250 1300 latione
274 1259 582 1314 comprehensa
604 1263 716 1313 sunt,
735 1261 946 1316 expeditis
966 1262 1203 1317 amplectar
1223 1277 1437 1305 commen-

89 1317 227 1359 tariis.
284 1317 350 1359 ita
387 1318 501 1359 enim
538 1319 709 1361 consilii
747 1334 915 1375 quoque
952 1323 995 1362 et
1031 1322 1327 1375 prouidentiae
1366 1337 1437 1364 ex-
1464 1335 1508 1366 10

91 1375 245 1430 emplis
281 1376 488 1418 succincti
524 1377 654 1420 duces
691 1381 832 1434 erunt,
874 1379 989 1421 unde
1030 1380 1119 1421 illis
1164 1381 1438 1436 excogitandi

91 1434 408 1490 generandique
433 1435 593 1478 similia
617 1436 802 1479 facultas
827 1438 1064 1492 nutriatur3
1090 1442 1313 1493 praeterea
1339 1455 1438 1483 con-

89 1492 249 1548 tinget,
290 1507 345 1535 ne
382 1494 433 1535 de
471 1497 628 1537 euentu
664 1496 851 1551 trepidet
894 1497 1156 1540 inuentionis
1201 1513 1320 1554 suae,
1364 1499 1438 1554 qui

90 1552 287 1606 probatis
319 1566 411 1594 eam
444 1554 746 1608 experimentis
779 1557 1060 1610 comparabit.

178 1609 293 1652 Illud
322 1625 459 1666 neque
489 1612 644 1667 ignoro
675 1628 814 1669 neque
844 1615 1026 1669 infitior,
1059 1618 1103 1657 et
1127 1630 1271 1657 rerum
1296 1619 1437 1671 gesta·
1466 1629 1508 1660 15

48 1671 54 1674 '
91 1681 187 1708 rum
207 1668 438 1722 scriptores
462 1670 664 1726 indagine
686 1673 828 1726 operis
854 1674 922 1715 sui
945 1673 1057 1715 hanc
1077 1689 1245 1728 quoque
1269 1678 1438 1729 partem

92 1739 187 1767 esse
218 1727 463 1781 complexos
489 1731 532 1769 et
557 1729 611 1770 ab
638 1731 885 1772 auctoribus
910 1733 1206 1786 exemplorum
1232 1733 1439 1789 quidquid

91 1783 261 1840 insigne
299 1785 444 1840 aliquo
481 1787 607 1830 modo
645 1787 729 1830 fuit
764 1789 985 1832 traditum.
1046 1790 1139 1845 sed,
1183 1794 1232 1833 ut
1275 1793 1439 1847 opinor,

91 1844 313 1898 occupatis
350 1845 580 1888 uelocitate
612 1847 778 1889 consuli
810 1847 947 1891 debet.
1003 1849 1183 1905 longum
1214 1853 1280 1892 est
1311 1851 1438 1906 enim,

93 1902 263 1957 singula
300 1905 344 1944 et
381 1918 533 1958 sparsa
568 1919 645 1960 per
681 1906 924 1950 inmensum
961 1922 1115 1963 corpus
1157 1908 1438 1953 historiarum
1463 1922 1510 1954 20

187 2033 207 2063 1
246 2029 312 2064 EX
349 2029 505 2065 LIBRIS
536 2031 652 2067 IULII
686 2032 926 2069 FRONTINI
957 2034 1387 2072 STRATEGEMATON
1415 2038 1446 2074 C

95 2085 369 2123 PRAEFATIO
406 2088 680 2126 FRONTONIS
715 2091 803 2127 LIB.
836 2092 862 2126 I.
897 2093 949 2137 G,
984 2095 1132 2130 titulum
1164 2106 1231 2131 om.
1257 2096 1304 2131 H
1307 2096 1356 2139 P‚·
1392 2099 1438 2140 cf.

93 2134 209 2178 praef.
229 2134 256 2180 5
275 2138 300 2170 8
322 2137 327 2177 Ι
349 2140 372 2170 4
391 2137 549 2172 scientia
570 2137 604 2173 G·
626 2140 631 2180 Ι
654 2143 675 2173 6
700 2138 803 2174 uisus
827 2140 896 2175 sim
915 2141 968 2185 H,
991 2142 1053 2177 sed
1076 2143 1141 2177 alt.
1166 2146 1200 2178 et
1224 2144 1332 2179 tertia
1358 2155 1374 2178 s
1399 2146 1441 2179 in

95 2190 168 2215 ras.
181 2180 206 2215 h
225 2184 231 2224 Ι
253 2184 275 2216 8
294 2182 736 2221 (ΤΡΑΤΗΓΗΜΑΤΙΚωΝ
754 2186 788 2222 G
821 2187 1154 2234 strategematicon
1174 2191 1368 2236 (strataeg.
1383 2191 1440 2234 H)

94 2225 194 2269 ΗΡ,
217 2238 280 2282 egra.
306 2228 383 2266 Ser.
406 2231 411 2274 Ι
433 2230 724 2276 appellationem
753 2233 788 2268 G
820 2233 826 2280 Ι
862 2238 904 2269 11
931 2237 1038 2271 erant
1061 2236 1107 2270 H
1126 2239 1210 2272 ante
1234 2247 1325 2272 corr.
1356 2239 1361 2282 Ι
1398 2242 1440 2273 12

95 2274 320 2320 gerendique
345 2277 370 2311 d
403 2277 409 2321 Ι
441 2277 628 2314 nutriatur
651 2290 717 2315 om.
744 2280 802 2315 Η1
830 2280 836 2327 Ι
866 2282 1031 2328 contiget
1056 2283 1102 2317 H
1122 2286 1205 2319 ante
1229 2295 1321 2320 corr.
1355 2288 1360 2329 Ι
1397 2289 1442 2320 14

98 2321 231 2356 eamd
260 2332 304 2356 ea
329 2322 455 2359 GHP
484 2324 490 2369 Ι
524 2328 567 2361 18
592 2327 635 2362 ut
659 2327 804 2363 om.H¹

168 2385 354 2414 Fxox‘rmus
373 2388 419 2416 ed.
439 2389 662 2418 &andex-mann.
1211 2394 1225 2423 1
