1612 2488
93 709 137 741 10

94 1124 135 1155 15

92 1419 136 1451 20

94 1714 138 1746 25

164 55 219 97 72
435 54 537 90 IULI
561 54 799 93 FRONTINI
825 55 1254 93 STRATEGEMATON

167 164 221 206 ad
252 164 467 232 proelium
505 164 654 220 uellet,
694 149 758 207 ita
789 164 1011 208 ordinauit
1049 179 1178 232 suOS,
1203 167 1253 208 ut
1287 180 1521 222 paucarum

165 224 343 266 nauium
388 224 527 266 malos
572 224 757 279 erigeret
800 238 957 280 easque
1005 224 1168 279 primas
1215 224 1287 282 agi
1333 225 1522 269 iuberet:

165 283 314 326 hostes
347 283 497 338 procul
535 283 775 338 conspicati
813 297 1039 326 numerum
1077 283 1281 327 arborum
1312 287 1356 327 et
1386 299 1439 328 ex
1469 299 1519 328 eo

164 342 342 385 nauium
380 357 552 397 quoque
591 342 885 385 coniectantes
926 342 1181 386 obtulerunt
1217 358 1264 386 se
1294 344 1522 388 certamini

165 404 208 443 et
240 416 266 443 a
296 401 495 457 pluribus
528 402 728 457 occupati
761 403 1036 457 superatique
1069 404 1180 445 sunt.

253 461 323 503 47.
367 460 623 503 Timotheus
665 461 751 503 dux
782 461 1115 504 Atheniensium
1153 461 1362 504 aduersus
1392 461 1522 506 Lace-

164 520 414 562 daemonios
464 520 611 563 nauali
662 520 754 563 acie
798 521 1114 574 decertaturus,
1164 535 1260 564 cum
1309 521 1522 564 instructa.

164 579 315 622 classis
348 594 495 621 eorum
522 579 575 621 ad
600 593 794 635 pugnam
825 581 1126 635 processisset,
1159 594 1211 622 ex
1235 580 1522 624 uelocissimis

163 638 348 681 nauibus
388 639 545 694 uiginti
589 639 834 694 praemisit,
879 654 988 695 quae
1026 638 1145 681 omni
1182 641 1274 682 arte
1311 640 1521 695 uarioque

163 697 277 739 flexu
327 697 550 739 eluderent
598 698 791 740 hostem:
847 701 897 741 ut
946 698 1132 753 primum
1182 698 1336 742 deinde
1385 699 1521 741 sensit

164 758 308 799 minus
347 757 522 812 agiliter
558 758 725 799 moueri
764 757 988 800 aduersam
1034 759 1221 813 partem,
1264 771 1522 814 progressus

163 816 455 871 praelassatos
487 816 613 859 facile
646 817 882 871 superauit.

194 955 256 991 VI.
295 955 359 990 DE
386 955 676 992 EMITTENDO
703 955 878 1001 HOSTE,
905 955 971 991 NE
998 954 1213 992 CLAUSUS
1237 955 1491 994 PROELIUM

414 1015 481 1050 EX
505 1015 876 1051 DESPERATIONE
901 1014 1265 1052 REDINTEGRET.

258 1114 292 1154 1.
337 1112 488 1155 Gallos
522 1127 571 1154 eo
605 1112 789 1167 proelio,
827 1112 942 1167 quod
974 1110 1148 1154 Camilli
1183 1112 1314 1155 ductu
1344 1116 1518 1168 gestum

164 1174 248 1226 est,
294 1172 587 1213 desiderantes
619 1171 818 1226 nauigia,
857 1171 1012 1226 quibus
1046 1171 1239 1213 Tiberim
1269 1171 1519 1228 transirent,

163 1232 341 1273 senatus
373 1231 540 1273 censuit
568 1230 914 1273 transuehendos
941 1233 985 1273 et
1010 1230 1322 1274 commeatibus
1349 1244 1519 1287 quoque

164 1290 499 1345 prosequendos.

251 1348 459 1392 Eiusdem
486 1349 657 1404 generis
682 1348 932 1391 hominibus
958 1350 1113 1403 postea
1137 1363 1214 1403 per
1238 1348 1518 1404 Pomptinum

164 1422 315 1464 agrum
342 1408 611 1463 fugientibus
637 1408 710 1450 uia
730 1408 832 1450 data
851 1411 928 1462 est,
949 1422 1059 1463 quae
1080 1407 1244 1449 Gallica
1263 1408 1518 1463 appellatur.

253 1468 292 1509 2.
331 1467 376 1509 Τ.
403 1467 591 1509 Marcius
624 1481 753 1521 eques
785 1466 1025 1519 Romanus,
1059 1466 1126 1508 cui
1158 1466 1323 1519 duobus
1354 1465 1519 1522 Scipio-

162 1526 289 1568 nibus
323 1526 477 1568 occisis
510 1525 720 1568 exercitus
752 1525 979 1580 imperium
1011 1525 1183 1579 detulit,
1214 1540 1312 1568 cum
1337 1526 1517 1569 circum-

163 1585 282 1627 uenti
309 1585 364 1627 ab
391 1599 441 1627 eo
468 1585 614 1640 Poeni,
644 1599 698 1626 ne
724 1584 854 1626 inulti
880 1586 1162 1639 morerentur,
1188 1584 1328 1626 ac‘rius
1353 1597 1518 1640 pugna-

163 1646 277 1699 rent,
315 1644 474 1686 laxatis
512 1644 747 1698 manipulis
787 1646 830 1685 et
861 1658 1064 1686 concesso
1096 1643 1227 1699 fugae
1260 1644 1402 1698 spatio
1434 1644 1517 1687 dis-

167 1703 332 1759 sipatos
366 1703 458 1746 sine
489 1703 681 1758 periculo
714 1717 889 1745 suorum
921 1702 1170 1745 trucidauit.

254 1763 293 1804 3.
315 1761 359 1805 C.
374 1761 538 1805 Caesar*
554 1761 794 1804 Germanos
820 1762 1022 1813 inclusos,
1041 1776 1092 1803 ex
1112 1761 1410 1816 desperatione
1435 1762 1518 1805 for-

162 1821 248 1862 tius
275 1822 526 1876 pugnantis,
553 1822 693 1864 emitti
718 1821 845 1863 iussit
870 1821 1170 1876 fugientesque
1191 1820 1420 1876 adgressus
1441 1823 1518 1863 est.

259 1929 279 1959 2
307 1925 504 1970 erigereth
524 1925 680 1971 eligeret
705 1925 808 1960 H¹P
834 1927 839 1970 Ι
874 1929 894 1960 3
915 1935 1028 1970 consp
1030 1924 1106 1960 icat
1122 1924 1181 1959 H¹
1204 1926 1209 1968 Ι
1237 1923 1517 1960 sThimotheus

162 1973 227 2010 Ρ
258 1975 277 2006 7
305 1983 389 2007 cum
414 1983 480 2008 om.
496 1973 542 2008 Η
561 1978 564 2015 Ι
587 1976 608 2007 8
628 1972 676 2006 ad
694 1972 938 2026 pugnandum
956 1972 1016 2015 ΡΙ
1040 1976 1061 2007 9
1087 1970 1177 2007 .ΧΧ.
1199 1971 1262 2015 ΡΙ
1285 1975 1328 2007 12
1353 1972 1518 2017 praelas·

163 2007 264 2055 satos
290 2019 375 2054 ΗΡ
397 2020 555 2054 lassatos
582 2021 753 2055 comedes:
779 2021 824 2062 cf.
846 2020 967 2064 praef.
992 2019 1020 2065 ἕ
1045 2022 1091 2054 14

261 2070 305 2101 13
331 2067 478 2102 titulum
504 2078 570 2101 om.
598 2067 659 2101 Η1
682 2068 687 2111 Ι
710 2067 833 2102 clusus
857 2067 881 2102 h
909 2068 915 2111 Ι
944 2070 988 2101 14
1014 2077 1059 2101 ex
1083 2066 1109 2101 d
1150 2065 1190 2100 in
1213 2065 1294 2100 hP:
1321 2066 1365 2107 cf.
1389 2077 1428 2109 p.
1453 2069 1516 2111 33,

163 2118 209 2150 15
233 2114 237 2158 Ι
260 2113 463 2158 reintegret
489 2114 525 2148 P
555 2113 576 2159 Ι
595 2118 637 2148 16
663 2113 841 2149 thiberim
867 2114 904 2149 P
933 2113 939 2160 Ι
974 2117 1017 2148 19
1044 2112 1299 2158 promptinum
1317 2112 1419 2158 HP,
1452 2124 1516 2150 em.

164 2163 262 2197 edd..
287 2161 333 2205 cf.
353 2160 440 2196 Liu.
463 2164 497 2203 7,
518 2164 570 2197 25
599 2161 602 2206 Ι
632 2165 676 2195 20
702 2161 765 2196 uia
790 2160 842 2207 d.]
869 2161 1008 2196 uadata
1032 2160 1077 2194 H
1105 2162 1111 2204 Ι
1151 2158 1392 2204 appellantur
1415 2160 1474 2195 ,Ηι
1507 2161 1514 2207 Ι

164 2213 206 2244 21
236 2208 277 2243 T.
303 2207 411 2252 HP,
436 2208 578 2253 itemp.
605 2211 750 2250 82,11
777 2208 818 2242 L
844 2209 922 2243 edd.
948 2208 1026 2243 coll.
1051 2206 1139 2242 Liu.
1165 2209 1237 2249 25,
1263 2207 1405 2252 37122
1431 2218 1516 2243 cum

163 2266 228 2291 om
250 2256 296 2290 H
313 2255 318 2301 Ι
346 2259 392 2291 25
419 2255 560 2290 cidauit
583 2254 661 2289 H¹3
679 2258 724 2290 26
752 2253 864 2290 Gaius
892 2254 944 2299 Ol
967 2255 1006 2289 et
1030 2265 1075 2290 ex
1103 2254 1216 2289 Oud..·
1241 2255 1303 2290 sed
1327 2254 1374 2298 cf.
1393 2265 1433 2300 p.
1455 2256 1516 2298 62,

163 2306 210 2338 11
233 2305 238 2347 Ι
269 2307 314 2338 27
340 2302 431 2338 insit
455 2313 498 2338 ea:
523 2300 626 2337 misit
652 2301 684 2337 Ο
713 2301 822 2337 iussit
846 2303 898 2346 H,
923 2302 985 2338 sed
1009 2300 1066 2336 ius
1091 2302 1133 2336 in
1156 2311 1229 2337 ras.
1255 2301 1279 2336 h
