1612 2488
121 752 165 784 10

121 1047 165 1080 15

119 1344 165 1376 20

121 1640 167 1671 25

187 97 275 140 104
460 97 561 134 IULI
585 97 826 134 FRONTINI
851 97 1281 135 STRATEGEMATON

188 221 270 262 que
300 206 387 262 his,
419 209 485 262 ut,
516 221 614 249 cum
646 207 959 262 processissent
990 206 1216 263 oppidani,
1245 206 1366 263 ligna
1395 207 1543 250 umida

187 266 481 311 incenderent.
519 266 671 308 deinde
709 280 807 308 cum
843 266 1010 321 reliqua
1045 268 1169 321 parte
1207 266 1417 309 exercitus
1447 267 1543 310 luce

189 325 242 367 ad
287 326 519 368 eliciendos
563 325 710 368 hostes
750 339 1004 381 progressus
1049 325 1257 368 simulata
1298 325 1404 381 fuga
1445 341 1539 382 per-

189 385 408 440 sequentis
447 385 687 441 oppidanos
731 385 904 440 longius
958 384 1145 427 cedendo
1189 384 1417 440 protraxit.
1478 386 1541 428 in·

190 444 418 486 sidiatores
466 459 601 499 prope
652 445 824 487 moenia
875 445 1138 500 imperatum
1181 444 1328 500 ignem
1379 445 1543 487 aceruis

190 504 481 546 subiecerunt:
524 504 637 546 unde
670 504 869 546 obortum
904 503 1189 558 contemplati
1218 502 1385 545 fumum
1416 502 1544 560 Agri-

189 563 358 618 gentini
395 563 612 605 incensam
649 563 873 606 ciuitatem
914 577 1037 604 suam
1070 562 1445 619 existimauerunt,
1477 563 1545 606 de-

188 622 511 677 fendendaeque
544 623 633 664 eius
673 622 816 678 gratia
856 622 959 664 dum
989 621 1157 676 trepide
1188 625 1433 677 recurrunt,
1470 623 1544 665 ob-

188 682 270 723 uiis
313 681 374 723 eis
417 682 489 737 qui
527 681 723 723 insidiati
761 682 883 723 iuxta
920 695 1068 723 muros
1114 683 1237 723 erant
1288 684 1332 723 et
1363 696 1390 723 a
1418 684 1544 737 tergo

190 741 458 783 instantibus
505 755 612 796 quos
656 741 872 795 persecuti
914 740 1104 796 fuerant,
1146 739 1192 782 in
1231 740 1373 783 medio
1414 741 1545 783 truci-

190 800 281 843 dati
313 804 428 842 sunt.

279 860 318 902 6.
363 859 589 902 Viriathus
629 858 841 915 disposito
878 873 956 914 per
993 858 1164 902 occulta
1203 858 1342 901 milite
1381 873 1545 914 paucos

189 918 330 973 misit,
363 919 437 974 qui
469 918 696 974 abigerent
726 933 883 974 pecora
916 916 1315 974 Segobrigensium:
1348 918 1402 960 ad
1433 932 1546 973 quae

188 978 254 1020 illi
286 978 543 1020 uindicanda
575 992 673 1020 cum
704 977 951 1033 frequentes
992 977 1311 1033 procurrissent
1330 977 1545 1020 *simulan-

191 1040 344 1092 tesque
381 1038 531 1093 fugam
569 1037 845 1092 praedatores
877 1038 1258 1092 persequerentur,
1297 1036 1469 1079 deducti
1499 1035 1544 1078 in

192 1097 372 1139 insidias
406 1097 602 1150 caesique
634 1099 747 1138 sunt.

283 1157 321 1198 7.
365 1155 578 1198 Scordisci
609 1155 795 1209 equites,
833 1169 930 1197 cum
961 1153 1197 1196 Heracleae
1236 1154 1420 1196 duarum
1449 1169 1547 1210 par-

189 1215 298 1257 tium
330 1214 546 1270 praesidio
578 1214 851 1269 praepositus
885 1216 999 1256 esset
1030 1212 1256 1268 Lucullus,
1286 1227 1443 1268 pecora
1475 1213 1547 1256 ab·

190 1274 308 1330 igere
353 1274 609 1316 simulantes
664 1275 1012 1333 prouocauerunt
1055 1272 1344 1327 eruptionem:
1395 1272 1547 1329 fugam

193 1333 345 1376 deinde
382 1333 556 1375 mentiti
605 1334 854 1388 sequentem
894 1330 1120 1374 Lucullum
1161 1331 1207 1373 in
1251 1330 1433 1374 insidias
1480 1331 1548 1374 de-

192 1393 407 1435 duxerunt
438 1394 482 1434 et
514 1392 787 1447 octingentos
820 1405 916 1434 cum
949 1405 998 1433 eo
1030 1391 1190 1433 milites
1223 1390 1482 1433 occiderunt.

282 1452 322 1495 8.
360 1450 522 1493 Chares
548 1451 633 1493 dux
653 1451 986 1492 Atheniensium
1012 1450 1236 1493 ciuitatem
1261 1449 1546 1505 adgressurus

192 1510 308 1552 litori
348 1511 611 1564 appositam,
648 1513 749 1565 post
787 1510 998 1565 quaedam
1034 1508 1338 1564 promunturia
1377 1508 1547 1551 occulte

191 1569 345 1611 habita
371 1570 520 1624 classe,
552 1584 574 1610 e
605 1569 789 1611 nauibus
815 1568 1136 1611 uelocissimam
1168 1570 1338 1622 praeter
1367 1567 1547 1610 hostilia

193 1628 408 1684 praesidia
433 1628 496 1670 ire
522 1628 668 1670 iussit:
701 1642 786 1683 qua
805 1628 900 1669 uisa
926 1642 1022 1670 cum
1048 1627 1193 1669 omnia
1217 1626 1406 1683 nauigia,
1438 1641 1548 1682 quae

193 1702 270 1743 pro
298 1687 495 1730 custodia
519 1690 672 1743 portus
699 1687 900 1742 agebant,
932 1687 985 1728 ad
1010 1685 1350 1742 persequendam
1383 1686 1548 1728 euolas-

194 1750 308 1802 sent,
346 1745 509 1789 Chares
549 1747 819 1788 indefensum
856 1748 1034 1801 portum
1073 1760 1170 1788 cum
1210 1745 1379 1800 reliqua
1410 1744 1548 1787 classe

193 1807 389 1848 inuectus
423 1807 553 1848 etiam
586 1805 808 1848 ciuitatem
842 1805 1080 1860 occupauit.

291 1974 308 2004 1
336 1968 394 2003 his
405 1923 536 2008 ,1152st
562 1969 598 2004 P
621 1970 626 2014 ι
661 1973 681 2004 2
707 1969 829 2015 prima
853 1968 936 2003 luce
961 1968 987 2004 d
1013 1969 1019 2012 ι
1052 1966 1178 2002 luceat
1208 1966 1400 2012 eligendos
1426 1966 1495 2002 Ηι
1526 1971 1549 2002 4

195 2016 381 2053 cedendos
406 2016 452 2051 H
470 2017 475 2060 1
499 2021 520 2051 5
546 2017 691 2052 acerbis
716 2016 846 2061 H1P1
871 2019 914 2051 12
939 2014 1110 2051 Viriatus
1126 2014 1186 2057 ,ΡΙ
1210 2017 1252 2049 13
1280 2013 1449 2049 abierent
1471 2014 1519 2050 H
1543 2014 1548 2060 Ι

196 2062 515 2107 secobrigentium
551 2064 596 2098 H
601 2063 662 2099 ¹1>
693 2062 1001 2108 setobrigentium
1026 2063 1067 2105 ἢ)
1099 2072 1190 2097 corr.
1223 2061 1247 2096 d
1287 2062 1291 2105 Ι
1332 2061 1380 2096 ad
1405 2071 1499 2105 quae
1524 2061 1551 2097 d

196 2113 310 2156 atque
333 2111 380 2147 Η
386 2112 421 2145 Ρ
442 2112 447 2154 Ι
471 2114 515 2145 14
541 2111 859 2155 procucurrissent
880 2110 932 2146 P.-
957 2110 1003 2153 ef.
1026 2120 1064 2154 p.
1092 2111 1150 2151 69,
1175 2110 1208 2144 3.
1235 2110 1295 2151 79,
1320 2111 1346 2144 2
1369 2109 1374 2154 Ι
1399 2111 1442 2143 15
1466 2118 1549 2153 per-

197 2161 399 2204 sequentur
429 2158 487 2193 H¹
528 2160 800 2203 persequuntur
825 2158 848 2192 h
888 2159 892 2200 Ι
935 2161 977 2192 17
1003 2156 1185 2191 haeradee
1211 2155 1270 2190 Ηι
1305 2154 1501 2203 haeraclee
1525 2155 1550 2190 h

195 2206 388 2243 aeracleae
403 2205 440 2241 P
457 2207 463 2251 ὶ
485 2205 649 2250 partium
663 2205 749 2240 ΗΡ
770 2204 978 2240 cohortium
993 2203 1222 2239 Freinsheim
1243 2204 1249 2247 1
1273 2206 1316 2238 19
1339 2201 1550 2238 simulantis

195 2254 253 2288 H¹
276 2255 280 2296 1
303 2257 348 2288 20
374 2252 413 2288 in
437 2253 617 2288 lucullum
643 2253 681 2286 in
701 2253 747 2287 Η
751 2252 759 2271 ¹
782 2252 787 2298 Ι
822 2256 867 2287 23
895 2249 1150 2297 promontoria
1170 2250 1194 2284 h
1216 2250 1221 2294 Ι
1255 2253 1300 2285 26
1325 2260 1548 2295 persequen-

197 2300 285 2336 dam
310 2301 356 2336 H
362 2301 398 2335 P
421 2299 720 2346 persequendum
747 2301 771 2335 d
794 2301 798 2344 l
833 2302 877 2334 27
905 2309 1009 2333 cares
1036 2298 1074 2333 P
1095 2298 1191 2333 clam
1216 2297 1263 2332 H
1281 2299 1285 2341 Ι
1319 2298 1356 2332 in
1382 2296 1550 2332 indefen-

195 2359 276 2383 sum
301 2349 326 2383 d
