1578 2508
158 103 228 139 XII
694 103 981 140 PRAEFATIO.

160 227 274 266 mus,
305 213 505 255 insolitus
538 210 611 268 (cf.
637 211 678 255 J.
703 212 975 267 Marquardt,
1007 211 1154 256 Roem.
1181 211 1456 257 Staatsverw.
1473 214 1519 257 II

160 270 318 328 (1876)
340 287 380 327 p.
400 270 506 327 553)
534 271 748 314 Johannis
781 286 883 313 cura
915 271 1088 314 additus
1118 273 1356 316 censendus
1382 276 1459 316 est.

249 331 399 373 Petrus
424 331 636 373 Blesensis
666 331 711 372 in
744 331 942 386 epistulis
976 345 1085 385 quae
1110 330 1276 386 profert
1307 335 1518 389 stratege-

158 393 279 432 mata
309 389 510 432 Frontini
542 389 618 445 (ep.
638 392 692 432 59
709 410 763 424 =
780 389 926 432 Front.
953 390 994 444 4,
1016 391 1054 443 7,
1073 390 1124 445 4;
1154 404 1212 444 ep.
1233 394 1288 434 69
1303 391 1519 435 =Front.

160 451 200 503 4,
221 450 259 503 5,
279 450 318 491 2.
350 450 391 505 4,
414 451 451 504 1,
474 451 539 492 17.
572 450 641 491 34.
674 449 741 492 35.
774 449 845 491 42.
879 449 946 492 16.
975 449 1016 500 4,
1035 448 1077 504 5,
1096 450 1165 492 20.
1195 450 1261 493 18.
1287 450 1357 493 21.
1384 464 1442 504 ep.
1462 454 1519 494 86

161 508 373 550 =Front.
405 509 452 563 4,
472 509 513 562 3,
532 508 572 550 9.
607 509 673 551 10.
705 521 763 562 ep.
789 507 1078 550 94=Front.
1111 509 1153 563 4,
1175 510 1212 563 1,
1236 509 1329 564 15),
1372 524 1423 552 ea
1466 524 1519 552 ex

160 568 421 610 Policratico
459 566 675 610 Johannis
714 569 888 622 sumpta
926 581 1021 609 esse
1070 571 1114 610 et
1152 568 1256 610 ordo
1301 571 1345 611 et
1387 569 1521 611 uerba

162 627 477 669 demonstrant.

251 685 454 728 Marinus
479 685 667 728 Sanutus
694 686 903 728 Torsellus
932 686 978 728 in
1009 685 1135 740 libro,
1168 685 1243 741 qui
1267 686 1519 729 inscribitur

163 744 338 788 Secreta
381 745 571 787 fidelium
615 745 751 787 crucis
797 742 867 800 (cf.
899 744 1119 800 Bongars,
1157 743 1292 788 Gesta
1321 744 1406 789 Dei
1441 760 1518 801 per

160 804 364 846 Francos.
396 807 499 846 tom.
531 803 588 846 II.
637 802 862 846 Hanoviae
899 801 1052 860 1611),
1089 818 1188 846 cum
1224 818 1352 860 saepe
1386 804 1518 847 Fron-

162 864 304 905 tinum
347 863 497 905 laudat
532 865 628 905 tum
663 863 708 904 in
747 863 820 904 lib.
851 861 918 904 III
957 865 1066 917 part.
1097 862 1181 905 XV
1219 877 1340 918 capp.
1375 863 1520 906 1-*15

163 923 372 977 quaedam
399 923 544 978 capita
574 936 711 977 paene
743 922 914 977 integra
940 936 1038 964 cum
1069 921 1176 977 ipsis
1207 922 1348 967 titulis
1379 925 1520 965 trans-

162 982 355 1036 scripsit,
386 982 531 1024 codice
563 996 666 1022 usus
699 980 926 1022 deterioris
959 981 1123 1024 classis.

250 1040 619 1082 Bartholomaeum
660 1039 899 1082 Urbinatem
939 1040 984 1081 in
1016 1040 1130 1082 libro
1162 1039 1215 1082 de
1245 1040 1361 1082 bello
1394 1041 1518 1095 spiri-

160 1100 272 1141 tuali
308 1100 501 1141 nondum
540 1099 655 1140 edito
694 1101 1007 1154 strategemata
1042 1098 1238 1153 proferre
1276 1098 1518 1142 Fridericus

160 1158 305 1200 Haase
349 1159 395 1200 in
440 1157 673 1213 exemplari
718 1172 795 1199 suo
844 1159 1097 1212 notauerat‚
1147 1159 1196 1199 ut
1239 1157 1343 1201 Otto
1387 1157 1519 1201 Ross-

161 1217 273 1259 bach
306 1217 490 1273 benigne
527 1231 597 1259 me
630 1217 788 1259 docuit.
849 1216 972 1266 Quod
1010 1217 1265 1272 opusculum
1296 1217 1343 1260 in
1373 1217 1520 1263 codice

162 1276 361 1319 Parisino
387 1277 462 1318 lat.
485 1276 629 1318 1443ss
656 1289 762 1317 saec.
783 1275 865 1317 XV
894 1275 988 1330 (fol.
1011 1277 1070 1318 1¹:
1099 1275 1296 1332 Incipit
1320 1278 1522 1319 tracta-

161 1338 243 1377 tus
270 1336 328 1378 de
353 1350 405 1378 re
437 1335 629 1377 bellica
653 1335 926 1389 spirituali
959 1349 1048 1388 per
1076 1335 1521 1391 comparationem

162 1395 482 1449 temporalis.
544 1394 730 1436 Editus
777 1408 802 1435 a
838 1393 1006 1436 fratre
1036 1391 1290 1439 Bartholo
1335 1395 1393 1437 de
1438 1410 1520 1436 ur-

162 1454 283 1496 bino
307 1454 382 1508 ..)
410 1454 591 1508 aliisque
617 1453 823 1494 traditum
851 1467 947 1494 cum
981 1453 1298 1508 perlustrarem,
1329 1467 1431 1497 mox
1456 1454 1522 1496 in-

161 1513 310 1555 tellexi
335 1513 446 1554 nihil
471 1512 581 1554 lucri
605 1511 816 1554 Frontino
842 1511 987 1554 afferri
1018 1526 1177 1567 magna
1207 1512 1338 1555 turba
1362 1515 1520 1555 strate-

164 1575 366 1628 gematon
399 1587 425 1614 a
457 1571 795 1613 Bai-tholomaeo
828 1573 1139 1626 excerptorum.

251 1630 430 1673 Praeter
454 1631 534 1673 hos
561 1630 692 1672 etiam
713 1629 821 1672 alios
847 1630 980 1672 libros
1007 1629 1146 1674 editos
1171 1629 1355 1675 necdum
1381 1630 1518 1673 editos

165 1691 380 1745 excerptis
406 1689 606 1732 Frontini
637 1689 880 1731 illustratos
913 1690 1082 1731 exstare
1115 1703 1375 1746 quamquam
1407 1689 1522 1733 haud

165 1750 431 1804 negauerim,
462 1752 609 1791 tamen
635 1748 762 1790 ualde
788 1748 953 1804 dubito,
982 1763 1085 1791 num
1111 1748 1250 1793 ullum
1276 1749 1519 1804 exemplum

163 1809 263 1850 inde
295 1809 437 1863 possit
468 1808 699 1850 emendari.

284 1869 310 1920 ἓ
332 1868 369 1910 8.
410 1867 522 1909 Iulio
543 1867 750 1909 Frontino
779 1864 942 1923 (errore
963 1866 1127 1909 seilicet
1145 1865 1313 1908 librarii
1332 1866 1464 1909 codex
1478 1866 1519 1910 G·

166 1927 212 1968 in
243 1927 374 1968 titulo
407 1926 508 1967 libri
538 1925 606 1967 III
645 1929 688 1968 et
719 1925 765 1967 in
803 1925 937 1980 praef.
968 1925 1069 1967 libri
1099 1924 1120 1966 I
1152 1925 1218 1968 bis
1251 1924 1518 1969 Praefatio

165 1985 442 2027 Frontonis
470 1984 664 2040 exhibet)
695 1998 960 2039 praenomen
983 1983 1104 2026 Sexto
1127 1998 1218 2027 non
1242 1983 1407 2027 inditur
1433 1983 1519 2027 nisi

168 2044 312 2087 codice
342 2044 385 2086 P
412 2044 458 2085 in
490 2044 616 2085 titulo
650 2043 751 2085 libri
781 2043 836 2085 II.
899 2042 983 2092 Qui
1013 2042 1169 2084 titulus
1201 2057 1298 2085 cum
1329 2043 1374 2084 in
1405 2043 1518 2085 codi-

166 2103 286 2146 cibus
306 2103 359 2144 H
362 2102 451 2145 GC
478 2103 664 2144 omissus
691 2103 766 2157 sit,
799 2104 963 2144 certum
989 2101 1160 2157 quidem
1186 2101 1391 2145 iudicium
1415 2101 1519 2144 ferri

166 2163 333 2217 nequit,
365 2162 549 2204 fueritne
582 2175 847 2216 praenomen
878 2165 923 2203 in
956 2161 1190 2215 archetypo
1220 2174 1364 2203 necne.
1421 2158 1518 2203 Gol-

165 2222 257 2263 lata
287 2224 437 2263 tamen
463 2221 715 2263 condicione
742 2220 898 2262 codicis
924 2219 1198 2262 Oxoniensis-
1201 2218 1519 2262 Lincolniensis

167 2279 239 2335 (cf.
271 2283 297 2331 ξ
330 2279 376 2336 6)
410 2280 680 2334 aliorumque
711 2279 904 2321 eiusdem
935 2279 1084 2322 classis
1115 2293 1204 2320 non
1234 2278 1404 2329 uilium,
1445 2279 1519 2334 qui

165 2353 427 2394 praenomen
446 2353 534 2380 non
554 2341 810 2394 agnoscunt,
829 2353 925 2381 cum
945 2337 1193 2380 auctoritati
1213 2336 1425 2380 codicisP
1440 2336 1519 2378 dif-
