1612 2488
151 456 171 488 5

130 752 173 784 10

126 1047 170 1080 15

126 1344 171 1376 20

202 100 286 142 132
468 101 567 137 IULI
591 103 618 138 F
622 102 830 139 RONTINI
855 103 1286 143 STRATEGEMATON

199 211 338 251 stratu
383 224 428 251 se
466 224 545 266 pro
583 225 629 252 re
667 212 844 267 publica
881 212 1156 256 deuouerunt'
1183 215 1468 272 admissisque
1511 218 1556 259 in

198 268 369 310 hostem
403 270 525 324 equis
558 270 703 325 adepti
734 271 963 314 uictoriam
994 273 1161 328 patriae
1193 275 1477 327 contulerunt.

289 329 357 370 16.
400 327 448 371 Ρ.
480 327 675 385 Crassus,
706 344 802 372 cum
833 330 995 373 bellum
1027 331 1233 375 aduersus
1258 332 1556 377 Aristonicum

198 386 244 428 in
276 388 384 429 Asia
416 402 570 444 gerens
602 388 716 431 inter
748 389 925 432 Elaeam
963 393 1007 432 et
1036 390 1256 447 Myrinam
1285 392 1332 435 in
1361 393 1554 437 hostium

199 447 346 502 copias
366 446 590 490 incidisset
607 448 817 505 uiuosque
833 449 1126 505 abduceretur,
1140 454 1382 495 exsecratus
1395 453 1442 495 in
1455 466 1556 495 con-

197 506 291 547 sule
322 505 521 549 Romano
553 508 853 562 captiuitatem
887 509 1030 565 uirga,
1072 524 1157 564 qua
1189 510 1242 554 ad
1273 525 1431 566 equum
1461 515 1556 555 erat

198 579 313 619 usus,
346 566 518 608 oculum
538 565 731 621 Thracis,
763 582 788 609 a
818 583 902 623 quo
928 568 1169 621 tenebatur,
1201 569 1312 612 eruit
1337 573 1468 626 atque
1500 571 1554 614 ab

197 638 247 665 eo
279 638 357 679 per
388 625 581 667 dolorem
607 626 823 668 concitato
848 627 1228 670 transuerberatus
1255 628 1436 672 dedecus
1468 644 1555 672 ser-

195 683 368 738 uitutis,
400 688 448 726 ut
479 685 699 739 uoluerat,
732 685 894 741 effugit.

292 744 357 785 17.
401 743 458 785 M.
479 742 588 786 Cato
615 743 813 786 Censorii
843 745 958 787 filius
989 745 1034 787 in
1067 746 1157 788 acie
1191 746 1413 789 decidente
1444 762 1554 803 equo

198 802 440 859 prolapsus,
472 816 569 844 cum
589 817 633 845 se
654 803 949 860 recollegisset
974 805 1437 862 animaduertissetque
1462 807 1554 864 gla-

196 861 314 902 dium
353 862 561 904 excidisse
598 863 798 919 uaginae‚
835 863 999 906 ueritus
1031 863 1318 920 ignominiam
1348 865 1478 908 rediit
1507 866 1555 908 in

195 919 367 962 hostem
412 921 746 977 exce<ptis>que
790 923 954 977 aliquot
996 923 1269 979 uulneribus,
1315 924 1553 980 reciperato

196 980 369 1022 demum
401 981 567 1036 gladio,
598 995 797 1023 reuersus
831 984 898 1023 est
929 982 982 1023 ad
1014 997 1126 1025 suos,

289 1040 355 1082 18.
407 1039 583 1082 Petilini
621 1055 647 1082 a
677 1039 835 1082 Poenis
875 1041 1042 1083 obsessi
1077 1043 1279 1097 parentes
1318 1046 1362 1084 et
1391 1042 1554 1086 liberos

194 1102 375 1153 propter
411 1099 605 1154 inopiam
643 1100 881 1151 eiecerunt,
924 1100 1008 1154 ipsi
1046 1101 1176 1143 coriis
1216 1100 1471 1144 madefactis
1510 1104 1555 1144 et

195 1159 295 1212 igne
337 1158 509 1200 siccatis
552 1158 754 1213 foliisque
796 1159 998 1200 arborum
1041 1162 1084 1200 et
1124 1160 1243 1201 omni
1273 1174 1429 1215 genere
1461 1161 1555 1203 ani-

196 1216 375 1258 malium
406 1217 544 1258 uitam
574 1217 797 1259 trahentes
836 1217 1037 1259 undecim
1078 1231 1248 1260 menses
1281 1218 1553 1262 obsidionem

194 1275 507 1318 tolerauerunt.

290 1335 356 1377 19.
400 1334 587 1390 Hispani
608 1333 856 1378 Consabrae
882 1335 1048 1377 obsessi
1075 1336 1224 1378 eadem
1256 1336 1402 1378 omnia
1433 1337 1554 1392 passi

197 1397 298 1436 sunt
328 1409 409 1437 nec
441 1394 646 1450 oppidum
678 1394 894 1448 Hirtuleio
926 1394 1210 1438 tradiderunt.

285 1454 355 1495 20.
401 1452 583 1496 Casilini
615 1453 839 1496 obsidente
871 1452 1120 1496 Hannibale
1160 1455 1332 1496 tantam
1362 1453 1555 1510 inopiam

194 1512 390 1567 perpessi
416 1515 527 1567 sunt,
559 1514 608 1554 ut
634 1511 704 1555 CC
725 1512 914 1554 denariis
941 1527 1107 1554 murem
1133 1513 1304 1554 uenisse
1334 1513 1554 1568 proditum

196 1571 429 1613 memoriae
455 1572 512 1613 sit
537 1571 711 1626 eiusque
736 1571 1005 1613 uenditorem
1037 1571 1152 1614 fame
1182 1571 1360 1627 perisse,
1391 1574 1555 1628 empto-

293 1739 311 1769 1
344 1734 538 1780 missisque
577 1734 623 1769 H
632 1734 643 1753 ¹
676 1735 681 1779 Ι
715 1738 736 1769 2
776 1734 922 1781 adepti]
960 1733 1088 1780 adepti
1130 1734 1290 1770 mortem
1325 1734 1352 1770 d
1387 1734 1556 1780 adempti

196 1782 331 1818 Hartel
352 1783 357 1826 Ι
385 1785 408 1817 4
434 1780 533 1818 assia
555 1782 590 1818 G
611 1783 616 1827 Ι
638 1780 794 1817 Elaeam
816 1782 928 1818 Gron.
956 1781 1093 1818 aeliam
1118 1781 1201 1817 GP
1223 1781 1339 1817 eliam
1362 1781 1409 1816 H
1425 1783 1431 1827 1
1457 1793 1555 1827 myr-

196 1829 317 1864 rinam
342 1829 380 1864 P
406 1829 605 1874 Zmyrnam
635 1829 714 1865 Val.
741 1829 848 1865 Max.
870 1832 906 1873 3,
924 1831 962 1872 2,
982 1832 1032 1866 12
1055 1831 1060 1874 Ι
1093 1832 1115 1864 5
1141 1828 1324 1874 uiuosque
1352 1827 1416 1864 Gk
1446 1828 1554 1864 uiuos

196 1877 254 1911 H¹
279 1876 461 1921 uiuusque
490 1877 527 1911 P
551 1877 557 1921 Ι
591 1876 840 1912 adduceretur
865 1876 952 1911 GH
975 1877 980 1921 Ι
1009 1875 1178 1922 consule]
1211 1875 1433 1921 proconsule
1465 1875 1553 1912 Van.

195 1927 235 1966 2,
260 1926 294 1966 4,
319 1927 340 1958 1
370 1925 543 1968 praetore
569 1923 674 1959 Flor.
699 1926 735 1967 2,
755 1927 818 1968 20,
837 1926 878 1959 4:
910 1923 956 1967 cf.
980 1934 1017 1968 p.
1037 1925 1123 1967 123,
1143 1925 1194 1959 28
1221 1922 1227 1967 Ι
1262 1926 1282 1957 ’1
1308 1922 1453 1968 thragis
1478 1922 1560 1959 GP

195 1969 366 2016 thragilss
388 1973 421 2012 (s
446 1973 568 2014 erasa)
590 1971 636 2006 H
657 1971 793 2006 Thraci
818 1971 896 2006 edd.
920 1972 926 2014 Ι
954 1974 976 2006 8
1001 1970 1084 2016 per]
1113 1980 1225 2016 opere
1248 1968 1283 2005 G
1304 1971 1309 2014 Ι
1331 1969 1479 2006 concito
1498 1970 1526 2006 d
1544 1970 1550 2018 Ι

199 2021 242 2052 12
268 2019 406 2061 uagina
424 2019 449 2053 d
470 2020 474 2062 Ι
503 2018 614 2053 rediit
635 2019 660 2053 d
683 2018 782 2053 redit
800 2017 887 2053 GH
892 2018 929 2052 P
948 2020 954 2062 Ι
984 2021 1027 2052 13
1053 2016 1295 2062 exceptisque
1315 2017 1340 2052 d
1365 2028 1410 2052 ex
1435 2027 1553 2063 eoque

200 2064 340 2100 GHP:
377 2065 422 2107 cf.
456 2065 594 2100 Iustin.
627 2067 694 2108 33,
726 2069 771 2109 2,
803 2068 826 2100 4
857 2066 863 2110 Ι
896 2064 1053 2109 aliquod
1085 2064 1163 2100 GP
1189 2065 1194 2106 Ι
1229 2067 1449 2108 recuperato
1483 2064 1551 2118 P]

199 2115 242 2147 17
266 2113 277 2146 i
308 2110 403 2159 nellsl
419 2113 451 2154 (s
478 2123 599 2153 erasa)
618 2112 664 2147 H
685 2113 723 2147 in
742 2112 829 2157 igne
852 2111 886 2147 G
907 2114 912 2156 Ι
935 2115 980 2147 20
1001 2111 1159 2157 Hispani
1180 2110 1390 2146 Consabrae
1410 2111 1555 2147 obsessi

197 2170 262 2195 nos
316 2158 523 2204 ispanicum
543 2158 686 2194 fabrem
705 2171 804 2195 sesse
825 2171 862 2195 se
883 2158 1090 2203 (fabrenses
1111 2169 1149 2193 se
1173 2168 1212 2192 se
1231 2159 1272 2202 h)
1291 2158 1380 2194 GH
1392 2157 1551 2203 Hispani

198 2217 282 2241 cum
306 2205 411 2241 fabre
438 2216 543 2241 sense
563 2206 599 2240 P
619 2205 778 2251 Hispani
802 2205 1098 2241 Consaburenses
1123 2204 1200 2240 Ser.
1229 2204 1390 2251 Hispani
1415 2205 1553 2241 Consa-

197 2254 350 2288 brenses
370 2253 445 2288 fere
460 2253 695 2289 Zeehmeister
716 2256 721 2297 Ι
744 2257 788 2289 22
809 2252 965 2289 Casilini
981 2252 1027 2288 H
1040 2251 1214 2288 Cassilini
1229 2251 1311 2287 GP
1329 2251 1551 2288 Casilinates

198 2301 290 2336 Ded.
313 2299 515 2336 Casilinum
537 2299 628 2335 Oud.
653 2301 658 2345 Ι
679 2300 848 2336 hanniba
867 2300 902 2336 G
923 2303 928 2344 1
950 2303 995 2335 23
1016 2310 1078 2335 .cc.
1099 2299 1133 2334 G
1159 2302 1229 2335 .OE.
1252 2299 1299 2334 H
1319 2300 1467 2335 centum
1489 2299 1527 2334 P
1545 2298 1551 2345 Ι

199 2348 359 2383 denariis
386 2359 451 2383 om.
478 2347 561 2383 GH
583 2348 588 2393 Ι
621 2347 764 2384 uenisse
791 2348 831 2383 H
867 2348 1028 2383 ueniisse
1055 2346 1136 2382 GP
