1612 2488
478 108 625 145 LIBER
648 109 676 146 Ι.
715 108 818 146 ΟΔΡ.
846 113 996 145 10—11.
1353 108 1407 152 31

93 249 156 286 XI.
195 218 582 294 QuiznADMODUM
605 249 903 286 INCITANDUS
930 249 1006 286 SIT
1030 249 1097 284 AD
1123 249 1375 286 PROELIUM

515 335 519 337 Α
590 308 872 346 EXERCITUS.

155 394 192 437 1.
235 393 293 437 M.
329 393 490 437 Fabius
534 398 578 436 et
620 393 697 437 On.
733 392 918 435 Manlius
962 393 1159 436 consules
1203 393 1409 436 aduersus

60 451 270 495 Etruscos
300 456 479 508 propter
502 453 735 495 seditiones
762 452 1029 494 detractante
1053 453 1269 507 proelium
1294 467 1410 495 exer·

62 511 152 554 citu
188 511 304 554 ultro
342 511 654 554 simulauerunt
693 511 1031 566 cunctationem,
1073 511 1207 554 donec
1250 512 1407 554 milites
1433 524 1454 556 5

60 570 231 625 probris
266 570 459 613 hostium
496 571 635 613 coacti
668 584 859 626 pugnam
890 570 1169 625 deposcerent
1198 570 1407 613 iurarent·

63 643 146 684 que
176 642 223 670 se
254 643 306 671 ex
336 643 386 671 ea
415 629 602 672 uictores
633 628 858 671 redituros.

147 687 189 730 2.
218 686 397 730 Fuluius
424 686 644 743 Nobilior,
675 703 771 731 cum
802 687 1006 730 aduersus
1039 687 1298 730 Samnitium
1329 703 1406 730 nu·

59 759 276 788 merosum
325 747 557 789 exercitum
601 750 646 789 et
689 747 955 789 successibus
1004 747 1218 790 tumidum
1260 748 1406 803 paruis

59 805 195 859 copiis
231 819 406 849 necesse
435 805 616 848 haberet
653 805 888 859 decertare,
930 806 1152 848 simulauit
1187 821 1318 848 unam
1349 807 1407 848 le-
1433 820 1476 851 10

60 863 234 918 gionem
270 863 462 906 hostium
500 868 746 920 corruptam
778 879 804 906 a
835 878 880 906 se
912 864 967 906 ad
1002 865 1291 920 proditionem
1328 865 1406 907 im·

57 922 311 977 perauitque
342 922 396 964 ad
427 923 518 964 eius
554 923 617 965 rei
654 923 783 965 fidem
818 923 1006 966 tribunis
1038 927 1082 965 et
1110 923 1262 978 primis
1294 924 1405 966 ordi-

57 980 185 1022 nibus
221 985 266 1022 et
301 981 642 1036 centurionibus,
685 984 894 1037 quantum
936 983 1117 1038 quisque
1151 986 1403 1025 numeratae

57 1039 264 1094 pecuniae
307 1042 383 1082 aut
425 1041 519 1082 auri
563 1041 815 1096 argentique
858 1041 1037 1083 haberet
1079 1041 1313 1096 conferret,
1356 1044 1405 1084 ut

56 1098 370 1152 repraesentari
412 1113 572 1141 merces
616 1099 911 1154 proditoribus
953 1103 1123 1155 posset3
1167 1115 1212 1143 se
1256 1103 1400 1143 autem
1432 1113 1471 1144 15

54 1155 127 1201 his
150 1156 224 1212 qui
248 1157 533 1200 contulissent
556 1159 774 1213 pollicitus
800 1162 867 1201 est
890 1162 1191 1201 consummata
1218 1159 1402 1202 uictoria

57 1215 202 1270 ampla
230 1215 406 1270 insuper
434 1217 627 1271 praemia
657 1217 873 1259 daturum:
914 1232 1023 1273 quae
1060 1219 1283 1274 persuasio
1314 1218 1402 1260 Ro-

55 1274 196 1316 manis
245 1274 514 1317 alacritatem
563 1276 714 1318 attulit
762 1279 805 1318 et
846 1276 1065 1331 fiduciam,
1114 1277 1225 1319 unde
1269 1278 1400 1319 etiam

54 1333 278 1386 praeclara
313 1333 497 1376 uictoria
533 1334 763 1377 commisso
801 1335 952 1377 statim
989 1335 1105 1378 bello
1137 1338 1291 1390 parata
1323 1339 1400 1378 est.

144 1391 184 1433 3.
227 1389 274 1433 G.
312 1390 471 1434 Caesar
514 1393 719 1435 aduersus
763 1393 999 1436 Germanos
1042 1397 1086 1436 et
1127 1394 1398 1437 Ariouistum
1424 1407 1469 1439 20

53 1450 738 1565 Ξὲὶῖἒῗέἓῖἓοέἶὲῗίεἶῖοἱῖξῗ
764 1452 1399 1567 ἓέἒέἳζίἒῖἓςῖἓὲἷὲοὲἓὲξῖἕῖ

54 1581 139 1621 quo
170 1570 423 1610 consecutus
455 1571 540 1623 est,
570 1572 620 1611 ut
650 1569 859 1612 decimani
888 1573 1111 1626 tamquam
1142 1572 1397 1626 praecipuae

52 1623 318 1673 fortitudinis
354 1626 601 1669 testimonio
634 1629 952 1670 concitarentur
984 1632 1028 1671 et
1061 1630 1193 1672 ceteri
1222 1630 1398 1685 pudore,

52 1697 108 1724 ne
137 1697 267 1737 penes
299 1685 407 1726 alios
439 1685 579 1740 gloria
609 1687 785 1729 uirtutis
817 1690 941 1729 esset.
1420 1700 1465 1732 25

141 1742 182 1783 4.
213 1741 263 1791 Q.
281 1741 456 1797 Fabius,
480 1743 581 1798 quia
605 1744 776 1800 egregie
803 1746 968 1787 sciebat
992 1749 1035 1787 et
1059 1746 1278 1788 Romanos
1305 1747 1396 1789 eius

53 1813 147 1842 esse
181 1800 415 1855 libertatis,
458 1816 566 1856 quae
603 1803 866 1844 contumelia
902 1808 1247 1859 exasperaretur,
1290 1808 1334 1847 et
1371 1821 1397 1848 a

50 1857 207 1901 Poenis
236 1859 346 1901 nihil
371 1860 532 1902 iustum
559 1863 634 1902 aut
659 1861 927 1904 moderatum
952 1864 1245 1918 exspectabat,
1277 1865 1397 1906 misit

50 1916 218 1972 legatos
243 1916 552 1974 Carthaginem
578 1920 630 1962 de
655 1920 973 1963 condicionibus
999 1922 1134 1976 pacis:
1165 1937 1272 1978 quas
1298 1937 1395 1965 cum

147 2013 166 2043 1
190 2008 269 2056 XL]
296 2009 352 2045 .X.
372 2011 440 2055 H!
462 2015 483 2046 3
509 2011 659 2047 mallius
678 2012 774 2055 ΗΡ,
800 2023 891 2048 corr.
917 2013 995 2049 edd.
1020 2025 1065 2050 ex
1083 2014 1171 2050 Liu.
1192 2017 1389 2059 2,43‚11÷

51 2056 179 2090 consul
197 2056 243 2091 H
263 2057 401 2092 cofisP
419 2060 424 2102 1
446 2062 468 2093 4
493 2059 724 2094 detrectante
746 2059 783 2093 P
801 2061 807 2098 Ι
830 2063 851 2094 5
869 2059 1061 2096 simulauit
1078 2062 1125 2097 H
1129 2062 1176 2104 P,
1200 2073 1263 2097 em.
1284 2063 1362 2098 edd.
1386 2050 1389 2106 ξ

51 2106 71 2136 6
97 2103 229 2138 coactu
247 2103 294 2138 H
313 2108 397 2139 ante
420 2115 492 2140 ras.
521 2107 526 2150 Ι
554 2109 575 2140 9
600 2104 774 2141 timidum
798 2107 845 2142 H
866 2108 873 2151 Ι
905 2111 948 2142 12
973 2107 1053 2143 eius
1077 2109 1128 2144 ad
1151 2109 1230 2144 eius
1256 2109 1323 2153 ΗΙ
1348 2114 1392 2144 14

50 2151 115 2184 aut
138 2150 278 2185 om.H¹
298 2154 304 2191 Ι
339 2154 382 2186 15
407 2153 636 2196 praesentari
661 2153 718 2187 H¹
741 2155 747 2199 Ι
775 2156 927 2197 possent
944 2155 1013 2200 H}
1043 2159 1086 2191 16
1111 2156 1157 2191 iis
1179 2156 1216 2190 P
1235 2158 1240 2200 l
1263 2158 1391 2191 contu-

48 2195 155 2230 lisset
177 2196 223 2230 H
245 2198 251 2240 Ι
279 2201 322 2233 17
348 2209 459 2243 super
476 2199 523 2234 H
542 2203 628 2235 ante
651 2210 741 2235 corr.
765 2202 770 2244 Ι
795 2204 838 2235 19
862 2202 1014 2246 patrata
1030 2203 1098 2237 hP
1125 2206 1235 2248 parta
1263 2203 1355 2238 Oud.
1383 2203 1388 2248 Ι

49 2245 95 2277 20
119 2242 213 2278 idem
230 2245 427 2289 amplum
446 2248 480 2288 4,
493 2249 528 2286 5,
542 2249 586 2281 11
609 2248 615 2291 1
646 2246 870 2282 ariouixtum
890 2248 998 2293 ΗΡΙ
1026 2253 1072 2284 24
1090 2249 1282 2284 testimoni
1302 2249 1348 2284 H
1352 2250 1361 2269 ¹

49 2291 267 2342 cogerentur
283 2291 376 2335 ΗΡ,
399 2303 490 2328 corr.
510 2292 603 2329 Ded.
630 2305 674 2328 ex
698 2294 720 2329 1.
747 2295 769 2330 1.
793 2296 798 2338 1
829 2298 874 2330 26
899 2296 963 2340 qui
990 2296 1051 2341 ΡΙ
1078 2300 1123 2332 27
1150 2298 1392 2342 exasperatur

50 2335 87 2369 P
107 2337 112 2380 ι
141 2336 177 2382 a]
204 2346 279 2372 iam
305 2337 363 2373 ΗἸ
390 2340 395 2383 1
429 2343 474 2374 29
499 2339 684 2386 legatoslll
704 2341 815 2383 (duae
838 2342 911 2385 fere
935 2344 1003 2379 litt.
1029 2346 1168 2387 erasae)
1188 2343 1234 2378 H
