1612 2488
547 125 694 162 LIBER
718 125 778 162 IV.
829 125 932 162 CAP.
959 129 991 161 7.
1361 123 1448 167 135

96 237 248 292 laqueo
278 250 406 291 posse
432 249 529 277 eum
555 235 690 277 uitam
719 234 859 277 finire:
891 249 988 277 cum
1013 232 1167 276 deinde
1192 233 1448 288 <in>staret‚

93 295 384 352 gladiatorem
411 296 682 361 contemptae
709 296 899 336 staturae
932 295 975 335 et
1005 307 1140 348 prope
1172 295 1346 334 exactae
1378 306 1447 333 ae-

95 354 202 397 tatis
235 353 394 396 obiecit
424 354 463 395 ei
494 352 703 408 dixitque,
734 353 772 394 si
803 367 900 395 eum
932 354 1198 407 superasset,
1230 365 1328 394 cum
1359 351 1447 393 uic-

93 416 192 456 tore
223 425 565 468 congressurum.

187 472 228 514 6.
269 471 319 522 Q.
359 469 599 523 Sertorius,
643 470 754 525 quod
800 470 1096 523 experimento
1133 469 1341 511 didicerat
1382 468 1444 511 in-

97 545 247 585 parem
277 544 323 572 se
353 530 554 572 uniuerso
584 528 879 572 Romanorum
910 528 1126 579 exercitui,
1156 530 1205 569 ut
1235 527 1445 570 barbaros

98 603 268 645 quoque
292 588 535 630 inconsulte
561 601 750 643 pugnam
774 587 1045 642 deposcentis
1076 587 1262 641 doceret,
1293 586 1446 629 adduc-

95 648 186 690 tis
174 662 218 690 m
237 649 513 702 conspectum
531 647 698 689 duobus
713 647 847 702 equis,
866 661 1014 689 eorum
1033 645 1284 713 praeualido
1305 645 1446 700 alteri,

95 706 226 749 alteri
262 705 491 748 admodum
529 705 629 748 exili
666 705 772 748 duos
804 705 998 748 admouit
1037 706 1213 747 iuuenes
1246 704 1446 747 similiter

97 766 277 819 electos,
306 765 532 807 robustum
564 767 607 806 et
638 765 856 820 gracilem.
916 779 966 806 ac
996 764 1231 806 robustiori
1261 764 1443 819 impera-

97 825 163 866 uit
199 824 297 878 equi
333 823 453 865 exilis
485 823 731 865 uniuersam
762 823 940 865 caudam
979 823 1256 878 abrumpere,
1292 822 1445 877 gracili

96 885 243 925 autem
272 882 525 924 ualentioris
555 896 632 936 per
663 882 854 937 singulos
892 879 1005 937 pilos
1042 881 1220 935 uellere3
1263 895 1444 937 cumque

95 941 252 998 gracili
283 941 561 983 successisset
592 941 705 996 quod
729 940 988 996 imperatum
1013 943 1119 994 erat,
1148 939 1445 982 ualidissimus

96 1015 195 1042 cum
226 1000 389 1042 infirmi
419 1000 517 1054 equi
548 1000 684 1042 cauda
715 1000 809 1041 sine
840 1000 992 1042 effectu
1023 1000 1272 1050 luctaretur,
1304 998 1443 1041 ‘natu-

97 1059 219 1114 ram’,
258 1059 402 1114 inquit
441 1057 655 1100 Sertorius
671 1092 681 1111 ‚
721 1057 1030 1101 ‘Romanarum
1066 1058 1224 1100 uirium
1255 1072 1331 1113 per
1360 1058 1443 1100 hoc

95 1118 221 1159 uobis
264 1117 506 1171 exemplum
543 1118 731 1171 ostendi,
773 1117 952 1159 milites:
990 1117 1303 1171 insuperabiles
1343 1119 1444 1159 sunt

95 1177 320 1219 uniuersas
346 1175 631 1231 adgredienti3
662 1176 834 1218 easdem
866 1176 1076 1218 lacerabit
1105 1178 1149 1218 et
1179 1178 1338 1230 carpet,
1370 1176 1445 1230 qui

94 1249 173 1290 per
201 1238 346 1290 partes
380 1234 742 1289 adtemptauerit.’

185 1294 224 1335 7.
255 1292 454 1335 Valerius
483 1293 697 1335 Laeuinus
730 1294 893 1347 consul,
924 1307 1020 1335 cum
1045 1294 1162 1336 intra
1193 1296 1336 1335 castra
1366 1307 1444 1335 sua

94 1351 411 1406 exploratorem
449 1351 641 1393 hostium
671 1351 1024 1406 deprehendisset
1054 1366 1343 1407 magnamquc
1374 1366 1442 1394 co-

94 1411 262 1466 piarum
282 1425 454 1453 suarum
474 1410 673 1452 fiduciam
691 1410 883 1465 haberet,
898 1410 1156 1453 circumduci
1178 1425 1275 1453 eum
1293 1410 1440 1452 iussit:

93 1469 284 1511 terrendi
309 1469 539 1524 qui<dem>
565 1468 706 1511 hostis
733 1483 862 1512 causa
886 1470 1100 1511 exercitus
1121 1484 1221 1512 suos
1239 1469 1442 1511 uisendos

93 1528 435 1583 speculatoribus
467 1542 628 1581 eorum,
658 1528 857 1582 quotiens
888 1528 1146 1582 uoluissent,
1176 1531 1335 1583 patere.

183 1587 224 1629 8.
264 1585 546 1641 Caedi<ci>us
578 1586 869 1641 primipilaris,
901 1587 975 1641 qui
1003 1588 1048 1629 in
1080 1586 1311 1629 Germania
1342 1589 1442 1641 post

50 1665 55 1668 -
94 1643 331 1686 Varianam
356 1645 521 1686 cladem
546 1645 734 1686 obsessis
763 1645 925 1687 nostris
957 1660 1036 1699 pro
1068 1646 1174 1687 duce
1203 1645 1300 1700 fuit,
1330 1645 1442 1686 ueri-

93 1706 180 1756 tus,
209 1717 263 1744 ne
288 1703 462 1744 barbari
486 1703 608 1757 ligna
632 1717 740 1756 quae
766 1707 972 1758 congesta
997 1706 1121 1745 erant
1151 1704 1267 1746 uallo
1301 1704 1442 1746 admo-

192 1844 210 1875 1
239 1840 397 1876 instaret
421 1841 446 1875 d
477 1842 593 1875 staret
621 1839 709 1876 GH
711 1841 771 1885 ΡΙ
804 1845 825 1876 2
851 1841 1104 1885 gradiatorem
1130 1841 1163 1876 G
1185 1843 1191 1886 Ι
1221 1846 1244 1876 4
1269 1852 1440 1888 congres-

95 1898 319 1932 surumquae
345 1887 523 1923 sertorius
537 1887 624 1923 GH
641 1889 647 1932 Ι
669 1892 690 1923 5
715 1889 913 1933 exemplum
937 1889 1158 1933 descriptum
1181 1900 1226 1924 ex
1250 1892 1363 1933 1,10,
1383 1893 1405 1924 1
1433 1889 1438 1936 1

93 1935 195 1978 quod
213 1945 280 1970 om.
305 1934 375 1988 ΡΙ
395 1939 414 1970 7
440 1935 638 1981 pugnanda
663 1946 730 1979 pos
716 1936 851 1970 scentis
876 1935 935 1977 ΡΙ
964 1938 985 1969 8
1011 1937 1211 1980 conspectu
1235 1916 1284 1971 H
1298 1937 1304 1981 Ι
1331 1917 1442 1972 a’lteri

92 1992 160 2016 om.
182 1981 216 2016 G
246 1982 342 2017 alter
364 1981 404 2016 in
423 1981 483 2016 Ηι
504 1987 508 2024 1
537 1986 557 2016 9
584 1981 752 2017 admouit
774 1993 820 2017 σω
844 1982 1007 2018 admonit
1031 1983 1077 2017 H
1092 1985 1098 2027 Ι
1122 1986 1165 2018 10
1191 1983 1346 2030 electos]
1374 1983 1442 2018 ad-

93 2027 211 2063 fectos
236 2029 259 2064 l.
285 2029 308 2063 1.
331 2030 336 2071 Ι
357 2028 561 2074 gracialem
580 2029 625 2063 H
628 2029 638 2048 ¹
660 2032 664 2073 Ι
686 2028 873 2064 robustior
899 2029 935 2065 G
954 2032 960 2072 Ι
991 2033 1034 2064 12
1058 2030 1198 2065 uellere
1222 2031 1300 2071 (sed
1324 2029 1375 2065 ell
1398 2031 1441 2066 in

92 2085 167 2111 ras.
180 2076 219 2118 h)
240 2075 286 2110 H
302 2077 307 2120 Ι
330 2086 486 2120 cumque
505 2086 571 2111 om.
586 2076 630 2110 H
634 2075 646 2095 ¹
665 2078 671 2118 1
697 2079 742 2111 14
765 2076 920 2110 infirmis
940 2076 1026 2111 GH
1045 2075 1258 2112 infirmioris
1277 2077 1411 2112 Hartel
1432 2077 1437 2123 Ι

95 2125 140 2156 15
165 2121 415 2158 Romanorum
434 2122 480 2158 H
497 2124 502 2166 1
537 2126 581 2158 16
606 2122 771 2158 ostendit
789 2123 877 2158 GH
893 2124 899 2168 Ι
928 2127 970 2158 17
997 2124 1189 2159 uniuersos
1208 2124 1268 2167 Pl
1290 2124 1440 2159 eosdem

95 2168 155 2212 ΡΙ
175 2168 356 2204 laceramt
368 2169 454 2205 GH
471 2172 477 2213 1
501 2173 543 2205 19
563 2168 726 2205 Leuinus
740 2169 778 2204 P
799 2168 1024 2205 Laeuininus
1038 2170 1127 2206 GH
1143 2172 1148 2213 Ι
1170 2174 1216 2205 20
1236 2169 1439 2215 deprehen-

94 2213 212 2250 disset
225 2215 258 2250 G
283 2215 539 2261 deprendisset
554 2216 640 2251 ΗΡ
656 2218 662 2261 l
684 2220 728 2252 22
753 2217 916 2252 terrendi
934 2216 1084 2261 quidem
1102 2218 1238 2253 Παντεῖ
1260 2216 1440 2252 terrendi

92 2271 166 2305 que
187 2261 272 2297 GH
277 2262 336 2305 ΡΙ
357 2262 496 2299 adiecit
516 2268 600 2308 post
625 2274 737 2299 causa
761 2264 846 2299 aad.
865 2264 891 2300 d
910 2265 917 2308 Ι
944 2268 989 2300 23
1015 2264 1186 2309 quotiens
1204 2264 1272 2299 hP
1292 2264 1438 2308 quoties

95 2308 198 2344 GH¹
225 2310 231 2354 1
262 2312 307 2344 24
326 2309 519 2346 Caedicius
543 2310 635 2346 Oud.
656 2321 700 2345 ex
720 2310 806 2346 Vell.
826 2314 865 2353 2,
885 2313 971 2355 120,
985 2314 1008 2346 4
1033 2311 1191 2347 Caedius
1205 2310 1330 2346 GHP
1353 2313 1360 2355 Ι
1392 2315 1438 2347 25

92 2355 286 2391 uarianam
301 2357 327 2392 d
344 2357 574 2392 ualerianam
594 2357 678 2393 GH
682 2358 718 2392 P
735 2358 740 2401 Ι
763 2361 807 2392 26
828 2357 1058 2393 aduenerent
1073 2358 1116 2392 H
1119 2358 1129 2378 ¹
1155 2358 1399 2394 aduoluerent
1414 2359 1439 2394 h

1472 773 1517 805 10

1471 1067 1514 1099 15

1468 1362 1514 1393 20

1467 1655 1514 1688 25
