1612 2488
107 731 149 762 10

105 1026 147 1057 15

102 1321 145 1353 20

98 1617 142 1649 25

181 77 240 120 30
455 78 554 114 IULI
579 78 816 117 FRONTINI
845 77 1275 117 STRATEGEMATON

179 187 321 242 inquit
341 186 571 243 Sertorius,
598 186 906 230 ‘Romanarum
932 187 1177 231 cohortium
1200 203 1277 244 per
1301 189 1383 232 hoc
1407 189 1536 233 uobis

181 247 427 301 exemplum
459 247 648 301 ostendi,
680 246 857 289 milites:
888 247 1203 302 insuperabiles
1234 250 1336 290 sunt
1366 249 1535 291 uniuer-

180 321 251 348 sas
290 305 577 362 adgredienti3
616 305 789 348 easdem
825 306 1034 349 lacerabit
1072 308 1116 348 et
1146 309 1312 367 carpet,
1349 308 1423 363 qui
1459 322 1539 364 per

179 368 323 420 partes
357 364 721 420 adtemptauerit'.

268 425 307 467 2.
345 423 482 476 Idem,
521 438 619 466 cum
650 423 815 466 uideret
846 438 947 466 suos
978 438 1151 480 pugnae
1184 425 1359 481 signum
1388 425 1536 470 incon·

180 483 290 525 sulte
321 483 573 540 flagitantes
611 483 884 539 crederetque
920 487 1126 538 rupturos
1164 484 1412 541 imperium,
1447 485 1536 537 nisi

178 542 559 598 congrederentur,
590 542 789 598 permisit
818 546 987 585 turmae
1020 543 1212 598 equitum
1239 543 1293 586 ad
1318 543 1535 587 lacessen-

177 601 254 643 dos
286 602 434 644 hostes
474 602 535 643 ire
574 601 874 655 laborantique
913 601 1116 644 submisit
1153 602 1260 645 alias
1303 605 1346 645 et
1377 603 1439 646 sic
1469 618 1532 646 re-

176 660 291 716 cepit
323 675 472 703 omnes
509 660 792 716 tuti<u>sque
831 663 874 703 et
911 661 1002 703 sine
1039 675 1155 704 noxa
1191 661 1397 717 ostendit,
1434 663 1534 718 quis

177 721 316 762 exitus
349 720 592 776 flagitatam
623 733 816 776 pugnam
847 721 1097 763 mansisset:
1129 720 1534 776 obsequentissimis

177 778 275 820 inde
308 779 370 822 eis
402 794 506 821 usus
539 782 616 821 est.

265 838 304 880 3.
347 837 580 893 Agesilaus
618 837 1002 893 Lacedaemonius,
1042 852 1140 880 cum
1177 838 1382 881 aduersus
1419 838 1532 881 The-

175 897 313 940 banos
340 900 484 940 castra
509 912 638 952 super
663 897 803 952 ripam
827 897 1047 952 posuisset
1072 897 1294 953 multoque
1320 897 1530 942 maiorem

173 955 366 998 hostium
404 971 575 998 manum
616 971 709 998 esse
747 956 1019 1011 intellegeret
1051 959 1094 999 et
1124 956 1222 999 ideo
1254 971 1355 1000 suos
1387 971 1530 999 arcere

175 1029 200 1056 a
226 1015 463 1070 cupiditate
494 1015 748 1058 decernendi
778 1015 929 1070 uellet,
960 1015 1070 1057 dixit
1094 1029 1304 1070 responso
1329 1016 1456 1058 deum
1483 1030 1530 1059 se

174 1088 225 1116 ex
263 1074 446 1117 collibus
484 1088 678 1130 pugnare
721 1074 887 1116 iussum
931 1076 974 1115 et
1011 1073 1074 1116 ita
1112 1075 1266 1130 exiguo
1308 1074 1528 1129 praesidio

173 1133 227 1175 ad
258 1134 397 1188 ripam
428 1134 574 1189 posito
606 1134 788 1176 accessit
818 1133 864 1174 in
895 1133 1048 1175 colles:
1081 1133 1193 1188 quod
1219 1132 1418 1176 Thebani
1447 1148 1527 1189 pro

172 1195 291 1234 metu
335 1192 612 1248 interpretati
649 1192 918 1234 transierunt
953 1192 1114 1234 flumen
1158 1194 1219 1245 et,
1263 1206 1359 1234 cum
1401 1192 1528 1235 facile

172 1251 438 1306 depulissent
462 1251 743 1307 praesidium,
775 1253 942 1294 ceteros
967 1250 1152 1293 insecuti
1177 1251 1348 1294 auidius
1373 1251 1529 1307 iniqui-

172 1314 264 1352 tate
295 1311 489 1354 locorum
522 1326 547 1353 a
577 1311 854 1367 paucioribus
886 1310 994 1352 uicti
1025 1304 1139 1353 Sunt.

261 1371 299 1412 4.
346 1369 522 1425 Scorylo
562 1370 647 1412 dux
678 1369 913 1423 Dacorum,
951 1384 1048 1412 cum
1086 1369 1216 1411 sciret
1247 1355 1528 1412 dissociatum

172 1430 304 1470 armis
337 1429 539 1472 ciuilibus
576 1429 786 1485 populum
818 1429 1065 1470 Romanum
1095 1442 1234 1483 neque
1265 1429 1412 1470 tamen
1443 1428 1527 1471 sibi

170 1488 472 1543 temptandum
514 1488 815 1543 arbitraretur,
859 1487 961 1542 quia
1005 1490 1181 1529 externo
1221 1486 1335 1529 bello
1373 1489 1527 1542 posset

170 1547 400 1588 concordia
425 1547 597 1601 in(ter>
624 1547 739 1589 ciues
766 1547 1023 1600 coalescere,
1055 1546 1162 1588 duos
1194 1559 1321 1588 canes
1352 1544 1399 1587 in
1424 1560 1526 1588 con-

170 1610 316 1661 spectu
344 1606 620 1661 popularium
646 1606 865 1649 commisit
885 1605 1023 1660 iisque
1045 1604 1250 1647 acerrime
1269 1604 1383 1646 inter
1406 1605 1526 1659 ipsos

168 1666 462 1732 pugnantibus
512 1666 663 1721 lupum
714 1664 921 1719 ostendit,
971 1678 1098 1719 quem
1146 1663 1346 1719 protinus
1397 1677 1524 1706 canes

170 1725 331 1767 omissa
362 1725 476 1767 inter
508 1740 553 1767 se
584 1725 651 1766 ira
682 1724 880 1780 adgressi
918 1725 1035 1765 sunt:
1074 1737 1158 1778 quo
1199 1722 1393 1778 exemplo
1423 1736 1526 1779 pro-

169 1783 311 1826 hibuit
343 1783 551 1826 barbaros
584 1784 637 1825 ab
669 1784 836 1838 impetu
868 1782 1075 1826 Romanis
1106 1781 1346 1837 profuturo.

266 1927 282 1957 1
310 1933 546 1957 romanorum
561 1923 606 1958 H
625 1925 629 1967 Ι
652 1927 672 1958 3
699 1921 1005 1975 adgredientibus
1021 1921 1083 1966 ΡΙ
1105 1924 1126 1955 8
1151 1920 1270 1956 iraH
1290 1922 1375 1956 ante
1399 1929 1491 1955 corr.
1517 1920 1521 1966 Ι

168 1973 187 2004 9
214 1970 408 2014 tutiusque
438 1969 548 2006 Goetz
572 1971 738 2015 tutisque
758 1970 845 2005 ΗΡ
874 1967 1041 2023 tutisque
1066 1967 1237 2012 utrisque
1256 1967 1282 2002 d
1305 1968 1385 2002 tum
1410 1967 1520 2002 utris-

168 2027 237 2062 que
261 2016 352 2052 Oud.
379 2017 461 2052 tuto
489 2017 615 2062 eisque
641 2017 802 2061 Hartell
832 2016 943 2052 noxia
967 2016 1014 2051 H
1043 2018 1127 2051 ante
1151 2025 1223 2050 ras.
1247 2015 1252 2059 l
1288 2017 1331 2049 11
1356 2013 1459 2049 uisus
1478 2013 1527 2049 H

166 2067 251 2099 ante
276 2074 347 2099 ras
372 2066 376 2108 Ι
402 2068 443 2099 12
468 2064 678 2099 theabanos
698 2065 744 2099 H
765 2068 849 2100 ante
873 2074 945 2099 ras.
968 2065 974 2106 Ι
998 2066 1040 2098 13
1065 2060 1279 2107 posuissent
1297 2061 1356 2107 ΡΙ
1379 2061 1520 2096 maiore

165 2112 204 2147 in
230 2111 298 2156 H!
323 2114 366 2146 14
392 2111 615 2153 areeretHf
642 2114 683 2146 15
710 2122 927 2165 responsum
946 2110 1090 2146 Hante
1108 2119 1198 2144 corr.
1223 2109 1229 2154 Ι
1259 2111 1302 2142 19
1328 2107 1459 2143 auidus
1478 2107 1526 2143 H

166 2163 250 2194 ante
268 2169 358 2194 corr.
383 2161 388 2202 1
411 2162 455 2193 22
483 2159 553 2194 sibi
572 2160 596 2194 d
621 2157 675 2193 ibi
696 2159 807 2203 HPl
836 2161 882 2193 24
907 2157 946 2193 in
966 2157 1055 2200 ΗΡ,
1075 2167 1166 2192 corr.
1187 2156 1212 2191 d
1233 2156 1238 2200 Ι
1267 2158 1312 2190 25
1338 2155 1471 2200 hisque
1492 2153 1524 2190 0

165 2217 280 2251 usque
307 2206 352 2240 H
