<?xml version="1.0" encoding="UTF-8"?>
<!DOCTYPE html PUBLIC "-//W3C//DTD XHTML 1.0 Transitional//EN"
    "http://www.w3.org/TR/xhtml1/DTD/xhtml1-transitional.dtd">
<html xmlns="http://www.w3.org/1999/xhtml" xml:lang="en" lang="en">
 <head>
  <title>
</title>
<meta http-equiv="Content-Type" content="text/html;charset=utf-8" />
  <meta name='ocr-system' content='tesseract 3.04.00' />
  <meta name='ocr-capabilities' content='ocr_page ocr_carea ocr_par ocr_line ocrx_word'/>
</head>
<body>
  <div class='ocr_page' id='page_1' title='image "./strategematonlib00fronuoft_0083.png"; bbox 0 0 1612 2488; ppageno 0'>
   <div class='ocr_carea' id='block_1_1' title="bbox 566 137 1447 180">
    <p class='ocr_par' dir='ltr' id='par_1_1' title="bbox 566 137 1447 180">
     <span class='ocr_line' id='line_1_1' title="bbox 566 137 1447 180; baseline 0.003 -3"><span class='ocrx_word' id='word_1_1' title='bbox 566 141 710 177; x_wconf 80' lang='lat' dir='ltr'><strong>LIBER</strong></span> <span class='ocrx_word' id='word_1_2' title='bbox 732 141 778 178; x_wconf 88' lang='grc' dir='ltr'><strong>ΙΙ.</strong></span> <span class='ocrx_word' id='word_1_3' title='bbox 816 140 918 178; x_wconf 72' lang='lat' dir='ltr'>CAP.</span> <span class='ocrx_word' id='word_1_4' title='bbox 945 144 979 176; x_wconf 83' lang='lat'><strong>5.</strong></span> <span class='ocrx_word' id='word_1_5' title='bbox 1389 137 1447 180; x_wconf 81' lang='lat'><strong>59</strong></span> 
     </span>
    </p>
   </div>
   <div class='ocr_carea' id='block_1_2' title="bbox 54 246 1526 1880">
    <p class='ocr_par' dir='ltr' id='par_1_2' title="bbox 102 246 1450 486">
     <span class='ocr_line' id='line_1_2' title="bbox 189 246 1448 306; baseline -0.006 -10"><span class='ocrx_word' id='word_1_6' title='bbox 189 254 230 297; x_wconf 78' lang='lat'><strong>5.</strong></span> <span class='ocrx_word' id='word_1_7' title='bbox 272 250 503 306; x_wconf 81' lang='lat' dir='ltr'>Thamyris</span> <span class='ocrx_word' id='word_1_8' title='bbox 540 247 796 305; x_wconf 76' lang='lat' dir='ltr'><strong>Scytharum</strong></span> <span class='ocrx_word' id='word_1_9' title='bbox 833 249 985 305; x_wconf 85' lang='lat' dir='ltr'><strong>regina</strong></span> <span class='ocrx_word' id='word_1_10' title='bbox 1020 247 1183 303; x_wconf 86' lang='lat' dir='ltr'>Cyrum</span> <span class='ocrx_word' id='word_1_11' title='bbox 1219 246 1448 289; x_wconf 76' lang='lat' dir='ltr'><strong>Persarum</strong></span> 
     </span>
     <span class='ocr_line' id='line_1_3' title="bbox 102 305 1450 366; baseline -0.007 -9"><span class='ocrx_word' id='word_1_12' title='bbox 102 315 254 357; x_wconf 84' lang='lat' dir='ltr'><strong>ducem</strong></span> <span class='ocrx_word' id='word_1_13' title='bbox 290 324 428 366; x_wconf 86' lang='lat' dir='ltr'><strong>aequo</strong></span> <span class='ocrx_word' id='word_1_14' title='bbox 458 308 596 352; x_wconf 85' lang='lat' dir='ltr'><strong>Marte</strong></span> <span class='ocrx_word' id='word_1_15' title='bbox 633 311 869 352; x_wconf 74' lang='lat' dir='ltr'>certantem</span> <span class='ocrx_word' id='word_1_16' title='bbox 905 308 1108 350; x_wconf 86' lang='lat' dir='ltr'><strong>simulato</strong></span> <span class='ocrx_word' id='word_1_17' title='bbox 1145 309 1265 349; x_wconf 90' lang='lat' dir='ltr'><strong>metu</strong></span> <span class='ocrx_word' id='word_1_18' title='bbox 1302 305 1450 348; x_wconf 86' lang='lat' dir='ltr'><strong>elicuit</strong></span> 
     </span>
     <span class='ocr_line' id='line_1_4' title="bbox 102 366 1449 424; baseline -0.007 -8"><span class='ocrx_word' id='word_1_19' title='bbox 102 373 158 417; x_wconf 90' lang='lat' dir='ltr'><strong>ad</strong></span> <span class='ocrx_word' id='word_1_20' title='bbox 186 374 314 415; x_wconf 88' lang='lat' dir='ltr'><strong>notas</strong></span> <span class='ocrx_word' id='word_1_21' title='bbox 344 369 476 412; x_wconf 85' lang='lat' dir='ltr'><strong>militi</strong></span> <span class='ocrx_word' id='word_1_22' title='bbox 507 383 584 411; x_wconf 89' lang='lat' dir='ltr'><strong>suo</strong></span> <span class='ocrx_word' id='word_1_23' title='bbox 615 367 840 424; x_wconf 86' lang='lat' dir='ltr'><strong>angustias</strong></span> <span class='ocrx_word' id='word_1_24' title='bbox 873 371 1001 422; x_wconf 87' lang='lat' dir='ltr'><strong>atque</strong></span> <span class='ocrx_word' id='word_1_25' title='bbox 1032 366 1113 420; x_wconf 86' lang='lat' dir='ltr'><strong>ibi,</strong></span> <span class='ocrx_word' id='word_1_26' title='bbox 1142 368 1318 422; x_wconf 86' lang='lat' dir='ltr'><strong>repente</strong></span> <span class='ocrx_word' id='word_1_27' title='bbox 1349 378 1449 408; x_wconf 88' lang='lat' dir='ltr'><strong>con·</strong></span> 
     </span>
     <span class='ocr_line' id='line_1_5' title="bbox 102 425 1136 486; baseline -0.008 -11"><span class='ocrx_word' id='word_1_28' title='bbox 102 445 229 475; x_wconf 85' lang='lat' dir='ltr'><strong>uerso</strong></span> <span class='ocrx_word' id='word_1_29' title='bbox 260 429 452 486; x_wconf 82' lang='lat' dir='ltr'><strong>agmine,</strong></span> <span class='ocrx_word' id='word_1_30' title='bbox 480 430 637 469; x_wconf 87' lang='lat' dir='ltr'><strong>natura</strong></span> <span class='ocrx_word' id='word_1_31' title='bbox 667 427 752 470; x_wconf 90' lang='lat' dir='ltr'><strong>loci</strong></span> <span class='ocrx_word' id='word_1_32' title='bbox 783 426 933 468; x_wconf 84' lang='lat' dir='ltr'><strong>adiuta</strong></span> <span class='ocrx_word' id='word_1_33' title='bbox 964 425 1136 468; x_wconf 91' lang='lat' dir='ltr'><strong>deuicit.</strong></span> 
     </span>
    </p>

    <p class='ocr_par' dir='ltr' id='par_1_3' title="bbox 102 482 1497 794">
     <span class='ocr_line' id='line_1_6' title="bbox 193 482 1497 544; baseline -0.005 -13"><span class='ocrx_word' id='word_1_34' title='bbox 193 490 236 532; x_wconf 86' lang='grc'><strong>6.</strong></span> <span class='ocrx_word' id='word_1_35' title='bbox 273 486 484 544; x_wconf 77' lang='lat' dir='ltr'><strong>Aegyptii</strong></span> <span class='ocrx_word' id='word_1_36' title='bbox 513 486 754 529; x_wconf 87' lang='lat' dir='ltr'><strong>conflicturi</strong></span> <span class='ocrx_word' id='word_1_37' title='bbox 785 485 875 527; x_wconf 80' lang='lat' dir='ltr'><strong>acie</strong></span> <span class='ocrx_word' id='word_1_38' title='bbox 905 484 951 527; x_wconf 90' lang='lat' dir='ltr'><strong>in</strong></span> <span class='ocrx_word' id='word_1_39' title='bbox 982 485 1045 526; x_wconf 89' lang='lat' dir='ltr'><strong>eis</strong></span> <span class='ocrx_word' id='word_1_40' title='bbox 1076 483 1258 539; x_wconf 87' lang='lat' dir='ltr'><strong>campis,</strong></span> <span class='ocrx_word' id='word_1_41' title='bbox 1294 482 1449 539; x_wconf 90' lang='lat' dir='ltr'><strong>quibus</strong></span> <span class='ocrx_word' id='word_1_42' title='bbox 1475 493 1497 525; x_wconf 80' lang='lat'><strong>5</strong></span> 
     </span>
     <span class='ocr_line' id='line_1_7' title="bbox 103 542 1451 603; baseline -0.007 -11"><span class='ocrx_word' id='word_1_43' title='bbox 103 550 275 592; x_wconf 83' lang='lat' dir='ltr'><strong>iunctae</strong></span> <span class='ocrx_word' id='word_1_44' title='bbox 299 545 479 603; x_wconf 85' lang='lat' dir='ltr'><strong>paludes</strong></span> <span class='ocrx_word' id='word_1_45' title='bbox 504 547 641 599; x_wconf 84' lang='lat' dir='ltr'><strong>erant,</strong></span> <span class='ocrx_word' id='word_1_46' title='bbox 665 544 823 600; x_wconf 84' lang='lat' dir='ltr'><strong>alg&lt;a&gt;</strong></span> <span class='ocrx_word' id='word_1_47' title='bbox 850 558 922 586; x_wconf 88' lang='lat' dir='ltr'><strong>eas</strong></span> <span class='ocrx_word' id='word_1_48' title='bbox 947 544 1229 586; x_wconf 84' lang='lat' dir='ltr'><strong>contexerunt</strong></span> <span class='ocrx_word' id='word_1_49' title='bbox 1251 542 1451 585; x_wconf 86' lang='lat' dir='ltr'><strong>commis-</strong></span> 
     </span>
     <span class='ocr_line' id='line_1_8' title="bbox 104 601 1448 663; baseline -0.007 -12"><span class='ocrx_word' id='word_1_50' title='bbox 104 620 238 663; x_wconf 90' lang='lat' dir='ltr'><strong>soque</strong></span> <span class='ocrx_word' id='word_1_51' title='bbox 273 605 439 661; x_wconf 83' lang='lat' dir='ltr'><strong>proelio</strong></span> <span class='ocrx_word' id='word_1_52' title='bbox 467 603 618 660; x_wconf 87' lang='lat' dir='ltr'><strong>fugam</strong></span> <span class='ocrx_word' id='word_1_53' title='bbox 649 603 907 646; x_wconf 81' lang='lat' dir='ltr'><strong>simulantes</strong></span> <span class='ocrx_word' id='word_1_54' title='bbox 944 603 991 644; x_wconf 93' lang='lat' dir='ltr'><strong>in</strong></span> <span class='ocrx_word' id='word_1_55' title='bbox 1027 601 1209 644; x_wconf 87' lang='lat' dir='ltr'><strong>insidias</strong></span> <span class='ocrx_word' id='word_1_56' title='bbox 1242 601 1448 656; x_wconf 78' lang='lat' dir='ltr'><strong>(hostes)</strong></span> 
     </span>
     <span class='ocr_line' id='line_1_9' title="bbox 103 660 1450 719; baseline -0.006 -9"><span class='ocrx_word' id='word_1_57' title='bbox 103 666 411 719; x_wconf 83' lang='lat' dir='ltr'><strong>euocauerunt,</strong></span> <span class='ocrx_word' id='word_1_58' title='bbox 441 663 516 719; x_wconf 90' lang='lat' dir='ltr'><strong>qui</strong></span> <span class='ocrx_word' id='word_1_59' title='bbox 538 662 730 718; x_wconf 76' lang='lat' dir='ltr'><strong>rapidius</strong></span> <span class='ocrx_word' id='word_1_60' title='bbox 755 677 833 718; x_wconf 87' lang='lat' dir='ltr'><strong>per</strong></span> <span class='ocrx_word' id='word_1_61' title='bbox 856 662 1008 718; x_wconf 82' lang='lat' dir='ltr'><strong>ignota</strong></span> <span class='ocrx_word' id='word_1_62' title='bbox 1032 661 1194 704; x_wconf 88' lang='lat' dir='ltr'><strong>inuecti</strong></span> <span class='ocrx_word' id='word_1_63' title='bbox 1224 661 1319 703; x_wconf 91' lang='lat' dir='ltr'><strong>loca</strong></span> <span class='ocrx_word' id='word_1_64' title='bbox 1347 660 1450 701; x_wconf 92' lang='lat' dir='ltr'><strong>limo</strong></span> 
     </span>
     <span class='ocr_line' id='line_1_10' title="bbox 102 721 916 794; baseline -0.009 -24"><span class='ocrx_word' id='word_1_65' title='bbox 102 725 382 770; x_wconf 83' lang='lat' dir='ltr'><strong>inhaeserunt</strong></span> <span class='ocrx_word' id='word_1_66' title='bbox 410 721 772 794; x_wconf 60' lang='lat' dir='ltr'><strong>gircumuentique</strong></span> <span class='ocrx_word' id='word_1_67' title='bbox 804 725 916 764; x_wconf 87' lang='lat' dir='ltr'><strong>sunt.</strong></span> 
     </span>
    </p>

    <p class='ocr_par' dir='ltr' id='par_1_4' title="bbox 104 777 1522 1076">
     <span class='ocr_line' id='line_1_11' title="bbox 193 777 1522 845; baseline -0.004 -20"><span class='ocrx_word' id='word_1_68' title='bbox 193 784 232 825; x_wconf 77' lang='lat'><strong>7.</strong></span> <span class='ocrx_word' id='word_1_69' title='bbox 274 781 487 845; x_wconf 53' lang='lat' dir='ltr'><strong>Viriatus,</strong></span> <span class='ocrx_word' id='word_1_70' title='bbox 523 795 576 824; x_wconf 86' lang='lat' dir='ltr'><strong>ex</strong></span> <span class='ocrx_word' id='word_1_71' title='bbox 611 781 781 823; x_wconf 87' lang='lat' dir='ltr'><strong>latrone</strong></span> <span class='ocrx_word' id='word_1_72' title='bbox 817 780 902 822; x_wconf 83' lang='lat' dir='ltr'><strong>dux</strong></span> <span class='ocrx_word' id='word_1_73' title='bbox 931 778 1266 832; x_wconf 79' lang='lat' dir='ltr'><strong>Celtiberorum,</strong></span> <span class='ocrx_word' id='word_1_74' title='bbox 1303 777 1451 820; x_wconf 90' lang='lat' dir='ltr'><strong>cedere</strong></span> <span class='ocrx_word' id='word_1_75' title='bbox 1479 789 1522 820; x_wconf 81' lang='grc' dir='ltr'><strong>ιο</strong></span> 
     </span>
     <span class='ocr_line' id='line_1_12' title="bbox 104 837 1452 896; baseline -0.006 -10"><span class='ocrx_word' id='word_1_76' title='bbox 104 857 152 886; x_wconf 89' lang='lat' dir='ltr'><strong>se</strong></span> <span class='ocrx_word' id='word_1_77' title='bbox 174 841 385 885; x_wconf 87' lang='lat' dir='ltr'><strong>Romanis</strong></span> <span class='ocrx_word' id='word_1_78' title='bbox 416 840 632 896; x_wconf 88' lang='lat' dir='ltr'><strong>equitibus</strong></span> <span class='ocrx_word' id='word_1_79' title='bbox 665 839 875 881; x_wconf 81' lang='lat' dir='ltr'><strong>simulans</strong></span> <span class='ocrx_word' id='word_1_80' title='bbox 906 852 1040 894; x_wconf 88' lang='lat' dir='ltr'><strong>usque</strong></span> <span class='ocrx_word' id='word_1_81' title='bbox 1071 837 1126 879; x_wconf 88' lang='lat' dir='ltr'><strong>ad</strong></span> <span class='ocrx_word' id='word_1_82' title='bbox 1156 838 1299 879; x_wconf 90' lang='lat' dir='ltr'><strong>locum</strong></span> <span class='ocrx_word' id='word_1_83' title='bbox 1329 850 1452 878; x_wconf 90' lang='lat' dir='ltr'><strong>uora-</strong></span> 
     </span>
     <span class='ocr_line' id='line_1_13' title="bbox 106 896 1453 958; baseline -0.005 -15"><span class='ocrx_word' id='word_1_84' title='bbox 106 902 308 958; x_wconf 85' lang='lat' dir='ltr'><strong>ginosum</strong></span> <span class='ocrx_word' id='word_1_85' title='bbox 338 901 383 941; x_wconf 91' lang='lat' dir='ltr'><strong>et</strong></span> <span class='ocrx_word' id='word_1_86' title='bbox 411 898 656 953; x_wconf 88' lang='lat' dir='ltr'><strong>praealtum</strong></span> <span class='ocrx_word' id='word_1_87' title='bbox 691 912 765 940; x_wconf 89' lang='lat' dir='ltr'><strong>eos</strong></span> <span class='ocrx_word' id='word_1_88' title='bbox 795 896 995 952; x_wconf 86' lang='lat' dir='ltr'><strong>perduxit</strong></span> <span class='ocrx_word' id='word_1_89' title='bbox 1026 899 1086 947; x_wconf 88' lang='lat' dir='ltr'><strong>et,</strong></span> <span class='ocrx_word' id='word_1_90' title='bbox 1126 910 1222 938; x_wconf 89' lang='lat' dir='ltr'><strong>cum</strong></span> <span class='ocrx_word' id='word_1_91' title='bbox 1252 896 1345 949; x_wconf 88' lang='lat' dir='ltr'><strong>ipse</strong></span> <span class='ocrx_word' id='word_1_92' title='bbox 1376 909 1453 950; x_wconf 91' lang='lat' dir='ltr'><strong>per</strong></span> 
     </span>
     <span class='ocr_line' id='line_1_14' title="bbox 106 954 1452 1008; baseline -0.006 -5"><span class='ocrx_word' id='word_1_93' title='bbox 106 959 269 1003; x_wconf 87' lang='lat' dir='ltr'><strong>solidos</strong></span> <span class='ocrx_word' id='word_1_94' title='bbox 312 972 363 1000; x_wconf 86' lang='lat' dir='ltr'><strong>ac</strong></span> <span class='ocrx_word' id='word_1_95' title='bbox 402 961 530 1000; x_wconf 85' lang='lat' dir='ltr'><strong>notos</strong></span> <span class='ocrx_word' id='word_1_96' title='bbox 579 956 664 999; x_wconf 83' lang='lat' dir='ltr'><strong>sibi</strong></span> <span class='ocrx_word' id='word_1_97' title='bbox 711 957 923 999; x_wconf 88' lang='lat' dir='ltr'><strong>transitus</strong></span> <span class='ocrx_word' id='word_1_98' title='bbox 966 955 1185 1008; x_wconf 85' lang='lat' dir='ltr'><strong>euaderet,</strong></span> <span class='ocrx_word' id='word_1_99' title='bbox 1232 954 1452 997; x_wconf 86' lang='lat' dir='ltr'><strong>Romanos</strong></span> 
     </span>
     <span class='ocr_line' id='line_1_15' title="bbox 107 1013 1168 1076; baseline -0.005 -15"><span class='ocrx_word' id='word_1_100' title='bbox 107 1019 285 1076; x_wconf 87' lang='lat' dir='ltr'><strong>ignaros</strong></span> <span class='ocrx_word' id='word_1_101' title='bbox 314 1017 508 1059; x_wconf 89' lang='lat' dir='ltr'><strong>locorum</strong></span> <span class='ocrx_word' id='word_1_102' title='bbox 538 1016 834 1071; x_wconf 88' lang='lat' dir='ltr'><strong>inmersosque</strong></span> <span class='ocrx_word' id='word_1_103' title='bbox 864 1015 971 1057; x_wconf 90' lang='lat' dir='ltr'><strong>limo</strong></span> <span class='ocrx_word' id='word_1_104' title='bbox 1001 1013 1168 1057; x_wconf 91' lang='lat' dir='ltr'><strong>cecidit.</strong></span> 
     </span>
    </p>

    <p class='ocr_par' dir='ltr' id='par_1_5' title="bbox 105 1073 1525 1602">
     <span class='ocr_line' id='line_1_16' title="bbox 195 1073 1524 1129; baseline -0.005 -10"><span class='ocrx_word' id='word_1_105' title='bbox 195 1077 235 1120; x_wconf 91' lang='lat'><strong>8.</strong></span> <span class='ocrx_word' id='word_1_106' title='bbox 276 1075 453 1118; x_wconf 88' lang='lat' dir='ltr'><strong>Fuluius</strong></span> <span class='ocrx_word' id='word_1_107' title='bbox 482 1075 719 1129; x_wconf 79' lang='lat' dir='ltr'><strong>imperator</strong></span> <span class='ocrx_word' id='word_1_108' title='bbox 743 1073 960 1117; x_wconf 85' lang='lat' dir='ltr'><strong>Cimbrico</strong></span> <span class='ocrx_word' id='word_1_109' title='bbox 990 1073 1106 1115; x_wconf 91' lang='lat' dir='ltr'><strong>bello</strong></span> <span class='ocrx_word' id='word_1_110' title='bbox 1138 1073 1322 1116; x_wconf 91' lang='lat' dir='ltr'><strong>conlatis</strong></span> <span class='ocrx_word' id='word_1_111' title='bbox 1357 1085 1452 1114; x_wconf 88' lang='lat' dir='ltr'><strong>cum</strong></span> <span class='ocrx_word' id='word_1_112' title='bbox 1482 1082 1524 1114; x_wconf 85' lang='lat'><strong>15</strong></span> 
     </span>
     <span class='ocr_line' id='line_1_17' title="bbox 106 1130 1452 1188; baseline -0.004 -9"><span class='ocrx_word' id='word_1_113' title='bbox 106 1137 232 1179; x_wconf 89' lang='lat' dir='ltr'><strong>hoste</strong></span> <span class='ocrx_word' id='word_1_114' title='bbox 262 1134 417 1177; x_wconf 86' lang='lat' dir='ltr'><strong>castris</strong></span> <span class='ocrx_word' id='word_1_115' title='bbox 443 1134 607 1188; x_wconf 78' lang='lat' dir='ltr'><strong>equites</strong></span> <span class='ocrx_word' id='word_1_116' title='bbox 634 1147 734 1175; x_wconf 90' lang='lat' dir='ltr'><strong>suos</strong></span> <span class='ocrx_word' id='word_1_117' title='bbox 758 1133 887 1175; x_wconf 88' lang='lat' dir='ltr'><strong>iussit</strong></span> <span class='ocrx_word' id='word_1_118' title='bbox 911 1132 1136 1175; x_wconf 86' lang='lat' dir='ltr'><strong>succedere</strong></span> <span class='ocrx_word' id='word_1_119' title='bbox 1168 1131 1222 1174; x_wconf 87' lang='lat' dir='ltr'><strong>ad</strong></span> <span class='ocrx_word' id='word_1_120' title='bbox 1251 1130 1452 1174; x_wconf 90' lang='lat' dir='ltr'><strong>munitio·</strong></span> 
     </span>
     <span class='ocr_line' id='line_1_18' title="bbox 106 1189 1453 1248; baseline -0.004 -11"><span class='ocrx_word' id='word_1_121' title='bbox 106 1209 186 1237; x_wconf 86' lang='lat' dir='ltr'><strong>nes</strong></span> <span class='ocrx_word' id='word_1_122' title='bbox 209 1208 358 1237; x_wconf 88' lang='lat' dir='ltr'><strong>eorum</strong></span> <span class='ocrx_word' id='word_1_123' title='bbox 381 1192 678 1248; x_wconf 89' lang='lat' dir='ltr'><strong>lacessitisque</strong></span> <span class='ocrx_word' id='word_1_124' title='bbox 701 1192 898 1234; x_wconf 87' lang='lat' dir='ltr'><strong>barbaris</strong></span> <span class='ocrx_word' id='word_1_125' title='bbox 925 1191 1125 1233; x_wconf 87' lang='lat' dir='ltr'><strong>simulata</strong></span> <span class='ocrx_word' id='word_1_126' title='bbox 1148 1190 1255 1247; x_wconf 88' lang='lat' dir='ltr'><strong>fuga</strong></span> <span class='ocrx_word' id='word_1_127' title='bbox 1272 1189 1453 1245; x_wconf 66' lang='lat' dir='ltr'><strong>regredi„</strong></span> 
     </span>
     <span class='ocr_line' id='line_1_19' title="bbox 105 1249 1454 1307; baseline -0.004 -11"><span class='ocrx_word' id='word_1_128' title='bbox 105 1254 190 1296; x_wconf 87' lang='lat' dir='ltr'><strong>hoc</strong></span> <span class='ocrx_word' id='word_1_129' title='bbox 214 1267 313 1296; x_wconf 90' lang='lat' dir='ltr'><strong>cum</strong></span> <span class='ocrx_word' id='word_1_130' title='bbox 342 1266 419 1307; x_wconf 93' lang='lat' dir='ltr'><strong>per</strong></span> <span class='ocrx_word' id='word_1_131' title='bbox 449 1251 615 1306; x_wconf 90' lang='lat' dir='ltr'><strong>aliquot</strong></span> <span class='ocrx_word' id='word_1_132' title='bbox 640 1250 730 1293; x_wconf 89' lang='lat' dir='ltr'><strong>dies</strong></span> <span class='ocrx_word' id='word_1_133' title='bbox 754 1250 945 1305; x_wconf 86' lang='lat' dir='ltr'><strong>fecisset,</strong></span> <span class='ocrx_word' id='word_1_134' title='bbox 976 1250 1100 1292; x_wconf 85' lang='lat' dir='ltr'><strong>auide</strong></span> <span class='ocrx_word' id='word_1_135' title='bbox 1125 1249 1454 1304; x_wconf 73' lang='lat' dir='ltr'><strong>insequentibus</strong></span> 
     </span>
     <span class='ocr_line' id='line_1_20' title="bbox 107 1308 1454 1364; baseline -0.004 -9"><span class='ocrx_word' id='word_1_136' title='bbox 107 1311 314 1364; x_wconf 85' lang='lat' dir='ltr'><strong>Cimbris,</strong></span> <span class='ocrx_word' id='word_1_137' title='bbox 338 1310 643 1353; x_wconf 86' lang='lat' dir='ltr'><strong>animaduertit</strong></span> <span class='ocrx_word' id='word_1_138' title='bbox 666 1313 807 1352; x_wconf 89' lang='lat' dir='ltr'><strong>castra</strong></span> <span class='ocrx_word' id='word_1_139' title='bbox 832 1324 980 1352; x_wconf 91' lang='lat' dir='ltr'><strong>eorum</strong></span> <span class='ocrx_word' id='word_1_140' title='bbox 1008 1310 1139 1352; x_wconf 88' lang='lat' dir='ltr'><strong>solita</strong></span> <span class='ocrx_word' id='word_1_141' title='bbox 1165 1308 1331 1351; x_wconf 90' lang='lat' dir='ltr'><strong>nudari.</strong></span> <span class='ocrx_word' id='word_1_142' title='bbox 1374 1308 1454 1350; x_wconf 84' lang='lat' dir='ltr'><strong>ita-</strong></span> 
     </span>
     <span class='ocr_line' id='line_1_21' title="bbox 108 1367 1525 1426; baseline -0.004 -13"><span class='ocrx_word' id='word_1_143' title='bbox 108 1385 192 1426; x_wconf 88' lang='lat' dir='ltr'><strong>que</strong></span> <span class='ocrx_word' id='word_1_144' title='bbox 227 1383 305 1425; x_wconf 85' lang='lat' dir='ltr'><strong>per</strong></span> <span class='ocrx_word' id='word_1_145' title='bbox 333 1371 500 1424; x_wconf 89' lang='lat' dir='ltr'><strong>partem</strong></span> <span class='ocrx_word' id='word_1_146' title='bbox 532 1369 742 1411; x_wconf 85' lang='lat' dir='ltr'><strong>exercitus</strong></span> <span class='ocrx_word' id='word_1_147' title='bbox 772 1368 989 1410; x_wconf 85' lang='lat' dir='ltr'><strong>custodita</strong></span> <span class='ocrx_word' id='word_1_148' title='bbox 1020 1367 1331 1410; x_wconf 83' lang='lat' dir='ltr'><strong>consuetudine</strong></span> <span class='ocrx_word' id='word_1_149' title='bbox 1361 1368 1455 1422; x_wconf 86' lang='lat' dir='ltr'><strong>ipse</strong></span> <span class='ocrx_word' id='word_1_150' title='bbox 1481 1377 1525 1408; x_wconf 80' lang='lat'><strong>20</strong></span> 
     </span>
     <span class='ocr_line' id='line_1_22' title="bbox 107 1426 1455 1483; baseline -0.003 -12"><span class='ocrx_word' id='word_1_151' title='bbox 107 1443 206 1471; x_wconf 91' lang='lat' dir='ltr'><strong>cum</strong></span> <span class='ocrx_word' id='word_1_152' title='bbox 241 1428 451 1483; x_wconf 87' lang='lat' dir='ltr'><strong>expeditis</strong></span> <span class='ocrx_word' id='word_1_153' title='bbox 487 1430 588 1482; x_wconf 90' lang='lat' dir='ltr'><strong>post</strong></span> <span class='ocrx_word' id='word_1_154' title='bbox 622 1430 765 1469; x_wconf 89' lang='lat' dir='ltr'><strong>castra</strong></span> <span class='ocrx_word' id='word_1_155' title='bbox 800 1427 992 1469; x_wconf 88' lang='lat' dir='ltr'><strong>hostium</strong></span> <span class='ocrx_word' id='word_1_156' title='bbox 1029 1426 1225 1469; x_wconf 83' lang='lat' dir='ltr'><strong>consedit</strong></span> <span class='ocrx_word' id='word_1_157' title='bbox 1262 1426 1455 1468; x_wconf 86' lang='lat' dir='ltr'><strong>occultus</strong></span> 
     </span>
     <span class='ocr_line' id='line_1_23' title="bbox 107 1484 1455 1542; baseline -0.003 -12"><span class='ocrx_word' id='word_1_158' title='bbox 107 1487 337 1542; x_wconf 84' lang='lat' dir='ltr'><strong>effusisque</strong></span> <span class='ocrx_word' id='word_1_159' title='bbox 376 1486 438 1528; x_wconf 89' lang='lat' dir='ltr'><strong>eis</strong></span> <span class='ocrx_word' id='word_1_160' title='bbox 476 1500 528 1528; x_wconf 83' lang='lat' dir='ltr'><strong>ex</strong></span> <span class='ocrx_word' id='word_1_161' title='bbox 563 1500 681 1528; x_wconf 88' lang='lat' dir='ltr'><strong>more</strong></span> <span class='ocrx_word' id='word_1_162' title='bbox 723 1488 899 1541; x_wconf 81' lang='lat' dir='ltr'><strong>repente</strong></span> <span class='ocrx_word' id='word_1_163' title='bbox 942 1486 1119 1528; x_wconf 87' lang='lat' dir='ltr'><strong>adortus</strong></span> <span class='ocrx_word' id='word_1_164' title='bbox 1157 1489 1202 1528; x_wconf 91' lang='lat' dir='ltr'><strong>et</strong></span> <span class='ocrx_word' id='word_1_165' title='bbox 1237 1484 1455 1527; x_wconf 84' lang='lat' dir='ltr'><strong>desertum</strong></span> 
     </span>
     <span class='ocr_line' id='line_1_24' title="bbox 108 1545 873 1602; baseline -0.001 -14"><span class='ocrx_word' id='word_1_166' title='bbox 108 1546 279 1602; x_wconf 82' lang='lat' dir='ltr'><strong>promit</strong></span> <span class='ocrx_word' id='word_1_167' title='bbox 307 1546 472 1587; x_wconf 90' lang='lat' dir='ltr'><strong>uallum</strong></span> <span class='ocrx_word' id='word_1_168' title='bbox 502 1548 545 1587; x_wconf 91' lang='lat' dir='ltr'><strong>et</strong></span> <span class='ocrx_word' id='word_1_169' title='bbox 575 1548 718 1587; x_wconf 86' lang='lat' dir='ltr'><strong>castra</strong></span> <span class='ocrx_word' id='word_1_170' title='bbox 749 1545 873 1600; x_wconf 72' lang='lat' dir='ltr'><strong>cepit</strong></span> 
     </span>
    </p>

    <p class='ocr_par' dir='ltr' id='par_1_6' title="bbox 54 1602 1526 1880">
     <span class='ocr_line' id='line_1_25' title="bbox 198 1602 1455 1657; baseline -0.003 -10"><span class='ocrx_word' id='word_1_171' title='bbox 198 1605 238 1647; x_wconf 89' lang='grc'><strong>9.</strong></span> <span class='ocrx_word' id='word_1_172' title='bbox 281 1602 357 1647; x_wconf 85' lang='lat' dir='ltr'><strong>Cn.</strong></span> <span class='ocrx_word' id='word_1_173' title='bbox 387 1603 585 1657; x_wconf 72' lang='lat' dir='ltr'><strong>Fuluius,</strong></span> <span class='ocrx_word' id='word_1_174' title='bbox 627 1618 725 1646; x_wconf 89' lang='lat' dir='ltr'><strong>cum</strong></span> <span class='ocrx_word' id='word_1_175' title='bbox 768 1604 817 1645; x_wconf 90' lang='lat' dir='ltr'><strong>in</strong></span> <span class='ocrx_word' id='word_1_176' title='bbox 850 1603 1007 1646; x_wconf 90' lang='lat' dir='ltr'><strong>finibus</strong></span> <span class='ocrx_word' id='word_1_177' title='bbox 1044 1604 1207 1645; x_wconf 88' lang='lat' dir='ltr'><strong>nostris</strong></span> <span class='ocrx_word' id='word_1_178' title='bbox 1245 1602 1455 1644; x_wconf 86' lang='lat' dir='ltr'><strong>exercitus</strong></span> 
     </span>
     <span class='ocr_line' id='line_1_26' title="bbox 54 1662 1526 1716; baseline -0.003 -11"><span class='ocrx_word' id='word_1_179' title='bbox 54 1670 58 1673; x_wconf 85' lang='grc'><strong><em>’</em></strong></span> <span class='ocrx_word' id='word_1_180' title='bbox 109 1663 379 1705; x_wconf 87' lang='lat' dir='ltr'><strong>Faliscorum</strong></span> <span class='ocrx_word' id='word_1_181' title='bbox 412 1663 543 1716; x_wconf 88' lang='lat' dir='ltr'><strong>longe</strong></span> <span class='ocrx_word' id='word_1_182' title='bbox 579 1665 730 1705; x_wconf 87' lang='lat' dir='ltr'><strong>nostro</strong></span> <span class='ocrx_word' id='word_1_183' title='bbox 767 1663 904 1704; x_wconf 86' lang='lat' dir='ltr'><strong>maior</strong></span> <span class='ocrx_word' id='word_1_184' title='bbox 940 1664 1082 1705; x_wconf 89' lang='lat' dir='ltr'><strong>castra</strong></span> <span class='ocrx_word' id='word_1_185' title='bbox 1111 1662 1343 1716; x_wconf 85' lang='lat' dir='ltr'><strong>posuisset,</strong></span> <span class='ocrx_word' id='word_1_186' title='bbox 1380 1674 1457 1715; x_wconf 87' lang='lat' dir='ltr'><strong>per</strong></span> <span class='ocrx_word' id='word_1_187' title='bbox 1482 1671 1526 1701; x_wconf 69' lang='lat'><strong>25</strong></span> 
     </span>
     <span class='ocr_line' id='line_1_27' title="bbox 113 1719 1456 1775; baseline -0.003 -11"><span class='ocrx_word' id='word_1_188' title='bbox 113 1735 214 1764; x_wconf 87' lang='lat' dir='ltr'><strong>suos</strong></span> <span class='ocrx_word' id='word_1_189' title='bbox 245 1721 406 1763; x_wconf 81' lang='lat' dir='ltr'><strong>milites</strong></span> <span class='ocrx_word' id='word_1_190' title='bbox 431 1721 642 1775; x_wconf 77' lang='lat' dir='ltr'><strong>quaedam</strong></span> <span class='ocrx_word' id='word_1_191' title='bbox 665 1721 815 1774; x_wconf 91' lang='lat' dir='ltr'><strong>procul</strong></span> <span class='ocrx_word' id='word_1_192' title='bbox 839 1735 866 1762; x_wconf 92' lang='lat' dir='ltr'><strong>a</strong></span> <span class='ocrx_word' id='word_1_193' title='bbox 890 1721 1043 1763; x_wconf 86' lang='lat' dir='ltr'><strong>castris</strong></span> <span class='ocrx_word' id='word_1_194' title='bbox 1069 1719 1263 1762; x_wconf 88' lang='lat' dir='ltr'><strong>aedificia</strong></span> <span class='ocrx_word' id='word_1_195' title='bbox 1287 1733 1456 1761; x_wconf 86' lang='lat' dir='ltr'><strong>succen-</strong></span> 
     </span>
     <span class='ocr_line' id='line_1_28' title="bbox 111 1777 1456 1834; baseline -0.002 -12"><span class='ocrx_word' id='word_1_196' title='bbox 111 1780 194 1832; x_wconf 91' lang='lat' dir='ltr'><strong>dit,</strong></span> <span class='ocrx_word' id='word_1_197' title='bbox 229 1782 280 1821; x_wconf 90' lang='lat' dir='ltr'><strong>ut</strong></span> <span class='ocrx_word' id='word_1_198' title='bbox 308 1778 470 1821; x_wconf 87' lang='lat' dir='ltr'><strong>Falisci</strong></span> <span class='ocrx_word' id='word_1_199' title='bbox 507 1793 606 1821; x_wconf 89' lang='lat' dir='ltr'><strong>suos</strong></span> <span class='ocrx_word' id='word_1_200' title='bbox 644 1779 688 1820; x_wconf 91' lang='lat' dir='ltr'><strong>id</strong></span> <span class='ocrx_word' id='word_1_201' title='bbox 724 1779 878 1821; x_wconf 84' lang='lat' dir='ltr'><strong>fecisse</strong></span> <span class='ocrx_word' id='word_1_202' title='bbox 915 1779 1133 1821; x_wconf 84' lang='lat' dir='ltr'><strong>credentes</strong></span> <span class='ocrx_word' id='word_1_203' title='bbox 1166 1792 1242 1834; x_wconf 89' lang='lat' dir='ltr'><strong>spe</strong></span> <span class='ocrx_word' id='word_1_204' title='bbox 1271 1777 1456 1832; x_wconf 88' lang='lat' dir='ltr'><strong>praedae</strong></span> 
     </span>
     <span class='ocr_line' id='line_1_29' title="bbox 112 1838 460 1880; baseline -0.006 0"><span class='ocrx_word' id='word_1_205' title='bbox 112 1838 460 1880; x_wconf 85' lang='lat' dir='ltr'><strong>diffunderentur.</strong></span> 
     </span>
    </p>
   </div>
   <div class='ocr_carea' id='block_1_3' title="bbox 203 1895 1457 1951">
    <p class='ocr_par' dir='ltr' id='par_1_7' title="bbox 203 1895 1457 1951">
     <span class='ocr_line' id='line_1_30' title="bbox 203 1895 1457 1951; baseline -0.002 -13"><span class='ocrx_word' id='word_1_206' title='bbox 203 1897 271 1939; x_wconf 89' lang='grc'><strong>10.</strong></span> <span class='ocrx_word' id='word_1_207' title='bbox 302 1896 547 1938; x_wconf 84' lang='lat' dir='ltr'><strong>Alexander</strong></span> <span class='ocrx_word' id='word_1_208' title='bbox 571 1895 773 1951; x_wconf 87' lang='lat' dir='ltr'><strong>Epirotes</strong></span> <span class='ocrx_word' id='word_1_209' title='bbox 800 1895 1005 1938; x_wconf 86' lang='lat' dir='ltr'><strong>aduersus</strong></span> <span class='ocrx_word' id='word_1_210' title='bbox 1030 1895 1203 1950; x_wconf 79' lang='lat' dir='ltr'><strong>Illyrios</strong></span> <span class='ocrx_word' id='word_1_211' title='bbox 1230 1895 1457 1938; x_wconf 86' lang='lat' dir='ltr'><strong>conlocat-a</strong></span> 
     </span>
    </p>
   </div>
   <div class='ocr_carea' id='block_1_4' title="bbox 115 1976 397 1980">
    <p class='ocr_par' dir='ltr' id='par_1_8' title="bbox 115 1976 397 1980">
     <span class='ocr_line' id='line_1_31' title="bbox 115 1976 397 1980; baseline 0 0"><span class='ocrx_word' id='word_1_212' title='bbox 115 1976 397 1980; x_wconf 95' lang='lat' dir='ltr'><strong> </strong></span> 
     </span>
    </p>
   </div>
   <div class='ocr_carea' id='block_1_5' title="bbox 113 1999 1464 2421">
    <p class='ocr_par' dir='ltr' id='par_1_9' title="bbox 113 1999 1464 2421">
     <span class='ocr_line' id='line_1_32' title="bbox 210 1999 1454 2046; baseline -0.001 -10"><span class='ocrx_word' id='word_1_213' title='bbox 210 2005 228 2036; x_wconf 90' lang='lat'>1</span> <span class='ocrx_word' id='word_1_214' title='bbox 254 2000 411 2036; x_wconf 83' lang='lat' dir='ltr'><strong>Tomiris</strong></span> <span class='ocrx_word' id='word_1_215' title='bbox 439 2000 475 2035; x_wconf 94' lang='lat' dir='ltr'><strong><em>P</em></strong></span> <span class='ocrx_word' id='word_1_216' title='bbox 506 2003 511 2040; x_wconf 81' lang='grc' dir='ltr'>Ι</span> <span class='ocrx_word' id='word_1_217' title='bbox 545 2000 774 2034; x_wconf 86' lang='lat' dir='ltr'><strong>schitharum</strong></span> <span class='ocrx_word' id='word_1_218' title='bbox 797 2000 917 2044; x_wconf 78' lang='lat' dir='ltr'><strong>(prior</strong></span> <span class='ocrx_word' id='word_1_219' title='bbox 941 2000 966 2034; x_wconf 88' lang='lat' dir='ltr'>h</span> <span class='ocrx_word' id='word_1_220' title='bbox 990 2003 1087 2046; x_wconf 77' lang='lat' dir='ltr'><strong>exp.)</strong></span> <span class='ocrx_word' id='word_1_221' title='bbox 1111 2000 1158 2035; x_wconf 99' lang='lat' dir='ltr'><strong><em>H</em></strong></span> <span class='ocrx_word' id='word_1_222' title='bbox 1189 2000 1367 2035; x_wconf 78' lang='lat' dir='ltr'><strong>scitatum</strong></span> <span class='ocrx_word' id='word_1_223' title='bbox 1389 1999 1427 2034; x_wconf 90' lang='lat' dir='ltr'><strong><em>P</em></strong></span> <span class='ocrx_word' id='word_1_224' title='bbox 1452 2019 1454 2039; x_wconf 62' lang='lat'><em>2</em></span> 
     </span>
     <span class='ocr_line' id='line_1_33' title="bbox 113 2046 1458 2091; baseline -0.002 -8"><span class='ocrx_word' id='word_1_225' title='bbox 113 2052 136 2083; x_wconf 83' lang='lat'><strong>3</strong></span> <span class='ocrx_word' id='word_1_226' title='bbox 159 2050 268 2083; x_wconf 89' lang='lat' dir='ltr'><strong>notos</strong></span> <span class='ocrx_word' id='word_1_227' title='bbox 286 2047 343 2082; x_wconf 76' lang='grc' dir='ltr'><strong>ΗἸ</strong></span> <span class='ocrx_word' id='word_1_228' title='bbox 365 2050 371 2091; x_wconf 71' lang='lat' dir='ltr'><strong>l</strong></span> <span class='ocrx_word' id='word_1_229' title='bbox 392 2058 478 2082; x_wconf 86' lang='lat' dir='ltr'><strong>suos</strong></span> <span class='ocrx_word' id='word_1_230' title='bbox 497 2047 543 2082; x_wconf 91' lang='lat' dir='ltr'><strong><em>H</em></strong></span> <span class='ocrx_word' id='word_1_231' title='bbox 563 2050 647 2082; x_wconf 81' lang='lat' dir='ltr'><strong>ante</strong></span> <span class='ocrx_word' id='word_1_232' title='bbox 670 2057 740 2081; x_wconf 81' lang='lat' dir='ltr'><strong>ras.</strong></span> <span class='ocrx_word' id='word_1_233' title='bbox 765 2050 769 2077; x_wconf 63' lang='grc'><em>1</em></span> <span class='ocrx_word' id='word_1_234' title='bbox 793 2049 814 2080; x_wconf 85' lang='grc'><strong>6</strong></span> <span class='ocrx_word' id='word_1_235' title='bbox 834 2046 959 2091; x_wconf 84' lang='lat' dir='ltr'><strong>algeas</strong></span> <span class='ocrx_word' id='word_1_236' title='bbox 979 2047 1026 2082; x_wconf 91' lang='lat' dir='ltr'><strong><em>H</em></strong></span> <span class='ocrx_word' id='word_1_237' title='bbox 1030 2047 1076 2090; x_wconf 90' lang='lat' dir='ltr'><strong>P,</strong></span> <span class='ocrx_word' id='word_1_238' title='bbox 1100 2057 1192 2082; x_wconf 84' lang='lat' dir='ltr'><strong>corr.</strong></span> <span class='ocrx_word' id='word_1_239' title='bbox 1211 2048 1237 2082; x_wconf 79' lang='lat' dir='ltr'><strong>d</strong></span> <span class='ocrx_word' id='word_1_240' title='bbox 1257 2050 1262 2089; x_wconf 76' lang='grc' dir='ltr'>Ι</span> <span class='ocrx_word' id='word_1_241' title='bbox 1286 2051 1306 2082; x_wconf 83' lang='grc'><strong>7</strong></span> <span class='ocrx_word' id='word_1_242' title='bbox 1331 2047 1458 2081; x_wconf 82' lang='lat' dir='ltr'><strong>hostes</strong></span> 
     </span>
     <span class='ocr_line' id='line_1_34' title="bbox 113 2092 1458 2140; baseline -0.001 -11"><span class='ocrx_word' id='word_1_243' title='bbox 113 2095 232 2139; x_wconf 69' lang='lat' dir='ltr'><strong>suppl.</strong></span> <span class='ocrx_word' id='word_1_244' title='bbox 257 2095 302 2135; x_wconf 75' lang='lat' dir='ltr'><strong>d;</strong></span> <span class='ocrx_word' id='word_1_245' title='bbox 325 2095 419 2136; x_wconf 79' lang='lat' dir='ltr'><strong>forte</strong></span> <span class='ocrx_word' id='word_1_246' title='bbox 442 2095 590 2130; x_wconf 86' lang='lat' dir='ltr'><strong>Persas:</strong></span> <span class='ocrx_word' id='word_1_247' title='bbox 617 2094 662 2135; x_wconf 78' lang='lat' dir='ltr'><strong>cf.</strong></span> <span class='ocrx_word' id='word_1_248' title='bbox 683 2097 723 2137; x_wconf 74' lang='lat'><strong>2,</strong></span> <span class='ocrx_word' id='word_1_249' title='bbox 743 2097 778 2134; x_wconf 88' lang='grc'><strong>3,</strong></span> <span class='ocrx_word' id='word_1_250' title='bbox 797 2096 855 2129; x_wconf 86' lang='grc'><strong>13.</strong></span> <span class='ocrx_word' id='word_1_251' title='bbox 882 2093 1053 2140; x_wconf 79' lang='lat' dir='ltr'><strong>Polyaen.</strong></span> <span class='ocrx_word' id='word_1_252' title='bbox 1072 2096 1108 2136; x_wconf 82' lang='lat'><strong>2,</strong></span> <span class='ocrx_word' id='word_1_253' title='bbox 1127 2097 1176 2130; x_wconf 88' lang='lat'><strong>16</strong></span> <span class='ocrx_word' id='word_1_254' title='bbox 1196 2095 1202 2140; x_wconf 84' lang='grc' dir='ltr'>Ι</span> <span class='ocrx_word' id='word_1_255' title='bbox 1231 2097 1275 2129; x_wconf 89' lang='grc'><strong>10</strong></span> <span class='ocrx_word' id='word_1_256' title='bbox 1300 2092 1458 2129; x_wconf 79' lang='lat' dir='ltr'><strong>Celtibe·</strong></span> 
     </span>
     <span class='ocr_line' id='line_1_35' title="bbox 114 2140 1458 2187; baseline -0.002 -11"><span class='ocrx_word' id='word_1_257' title='bbox 114 2151 239 2176; x_wconf 87' lang='lat' dir='ltr'><strong>rorum</strong></span> <span class='ocrx_word' id='word_1_258' title='bbox 269 2142 353 2176; x_wconf 79' lang='lat' dir='ltr'><strong>eicit</strong></span> <span class='ocrx_word' id='word_1_259' title='bbox 378 2141 470 2176; x_wconf 79' lang='lat' dir='ltr'><strong>Oud.</strong></span> <span class='ocrx_word' id='word_1_260' title='bbox 513 2140 779 2176; x_wconf 85' lang='lat' dir='ltr'><strong>Lusitanorum</strong></span> <span class='ocrx_word' id='word_1_261' title='bbox 803 2140 915 2176; x_wconf 64' lang='lat' dir='ltr'><strong>Ded:</strong></span> <span class='ocrx_word' id='word_1_262' title='bbox 945 2142 991 2184; x_wconf 85' lang='lat' dir='ltr'><strong>cf.</strong></span> <span class='ocrx_word' id='word_1_263' title='bbox 1012 2142 1133 2186; x_wconf 79' lang='lat' dir='ltr'><strong>praef.</strong></span> <span class='ocrx_word' id='word_1_264' title='bbox 1157 2140 1185 2187; x_wconf 66' lang='grc'><strong><em>5</em></strong></span> <span class='ocrx_word' id='word_1_265' title='bbox 1211 2144 1256 2176; x_wconf 88' lang='grc'><strong>11</strong></span> <span class='ocrx_word' id='word_1_266' title='bbox 1297 2142 1302 2184; x_wconf 84' lang='grc' dir='ltr'>Ι</span> <span class='ocrx_word' id='word_1_267' title='bbox 1344 2144 1385 2174; x_wconf 84' lang='grc'><strong>11</strong></span> <span class='ocrx_word' id='word_1_268' title='bbox 1419 2150 1458 2174; x_wconf 81' lang='lat' dir='ltr'><strong>se</strong></span> 
     </span>
     <span class='ocr_line' id='line_1_36' title="bbox 113 2186 1464 2234; baseline -0.001 -11"><span class='ocrx_word' id='word_1_269' title='bbox 113 2197 182 2223; x_wconf 83' lang='lat' dir='ltr'><strong>om.</strong></span> <span class='ocrx_word' id='word_1_270' title='bbox 208 2187 266 2222; x_wconf 69' lang='grc' dir='ltr'><strong>ΙΙι</strong></span> <span class='ocrx_word' id='word_1_271' title='bbox 298 2189 305 2231; x_wconf 80' lang='grc' dir='ltr'>Ι</span> <span class='ocrx_word' id='word_1_272' title='bbox 337 2187 606 2230; x_wconf 64' lang='grc' dir='ltr'><strong>ιιοηαίιιίεῐυω</strong></span> <span class='ocrx_word' id='word_1_273' title='bbox 643 2189 695 2222; x_wconf 72' lang='lat' dir='ltr'><strong>(st</strong></span> <span class='ocrx_word' id='word_1_274' title='bbox 729 2188 771 2221; x_wconf 78' lang='lat' dir='ltr'><strong>in</strong></span> <span class='ocrx_word' id='word_1_275' title='bbox 800 2198 874 2222; x_wconf 83' lang='lat' dir='ltr'><strong>ras.</strong></span> <span class='ocrx_word' id='word_1_276' title='bbox 897 2187 937 2233; x_wconf 73' lang='lat' dir='ltr'><strong>h)</strong></span> <span class='ocrx_word' id='word_1_277' title='bbox 968 2188 1014 2223; x_wconf 91' lang='lat' dir='ltr'><strong><em>H</em></strong></span> <span class='ocrx_word' id='word_1_278' title='bbox 1043 2191 1049 2233; x_wconf 76' lang='grc' dir='ltr'>Ι</span> <span class='ocrx_word' id='word_1_279' title='bbox 1084 2192 1127 2223; x_wconf 84' lang='grc'><strong>15</strong></span> <span class='ocrx_word' id='word_1_280' title='bbox 1165 2187 1352 2234; x_wconf 81' lang='lat' dir='ltr'><strong>cymbrico</strong></span> <span class='ocrx_word' id='word_1_281' title='bbox 1378 2186 1464 2221; x_wconf 87' lang='grc' dir='ltr'><strong>ΗΡ</strong></span> 
     </span>
     <span class='ocr_line' id='line_1_37' title="bbox 115 2233 1464 2282; baseline -0.001 -13"><span class='ocrx_word' id='word_1_282' title='bbox 115 2233 340 2269; x_wconf 83' lang='lat' dir='ltr'><strong>Celtiberico</strong></span> <span class='ocrx_word' id='word_1_283' title='bbox 355 2234 447 2270; x_wconf 77' lang='lat' dir='ltr'><strong>Oud.</strong></span> <span class='ocrx_word' id='word_1_284' title='bbox 467 2235 545 2270; x_wconf 81' lang='lat' dir='ltr'><strong>coll.</strong></span> <span class='ocrx_word' id='word_1_285' title='bbox 560 2234 648 2270; x_wconf 75' lang='lat' dir='ltr'><strong><em>Liu.</em></strong></span> <span class='ocrx_word' id='word_1_286' title='bbox 661 2237 720 2276; x_wconf 82' lang='lat'><strong>40,</strong></span> <span class='ocrx_word' id='word_1_287' title='bbox 733 2236 895 2270; x_wconf 84' lang='lat'><em>30—32:</em></span> <span class='ocrx_word' id='word_1_288' title='bbox 914 2235 958 2278; x_wconf 86' lang='lat' dir='ltr'><strong>cf.</strong></span> <span class='ocrx_word' id='word_1_289' title='bbox 972 2235 1089 2279; x_wconf 81' lang='lat' dir='ltr'><strong>praef.</strong></span> <span class='ocrx_word' id='word_1_290' title='bbox 1102 2235 1130 2282; x_wconf 64' lang='lat'><em>5</em></span> <span class='ocrx_word' id='word_1_291' title='bbox 1142 2239 1186 2270; x_wconf 87' lang='lat'><strong>11</strong></span> <span class='ocrx_word' id='word_1_292' title='bbox 1210 2237 1216 2278; x_wconf 86' lang='grc'><em>1</em></span> <span class='ocrx_word' id='word_1_293' title='bbox 1238 2234 1407 2269; x_wconf 84' lang='lat' dir='ltr'><strong>conlatus</strong></span> <span class='ocrx_word' id='word_1_294' title='bbox 1418 2233 1464 2268; x_wconf 89' lang='lat' dir='ltr'><strong><em>H</em></strong></span> 
     </span>
     <span class='ocr_line' id='line_1_38' title="bbox 114 2280 1459 2327; baseline -0.001 -12"><span class='ocrx_word' id='word_1_295' title='bbox 114 2285 200 2316; x_wconf 73' lang='lat' dir='ltr'><strong>ante</strong></span> <span class='ocrx_word' id='word_1_296' title='bbox 217 2282 317 2323; x_wconf 56' lang='lat' dir='ltr'><strong>rex-351</strong></span> <span class='ocrx_word' id='word_1_297' title='bbox 341 2285 384 2316; x_wconf 75' lang='lat'><strong>17</strong></span> <span class='ocrx_word' id='word_1_298' title='bbox 404 2281 617 2327; x_wconf 60' lang='lat' dir='ltr'><strong>simulatam</strong></span> <span class='ocrx_word' id='word_1_299' title='bbox 631 2283 719 2325; x_wconf 80' lang='lat' dir='ltr'><strong>(que</strong></span> <span class='ocrx_word' id='word_1_300' title='bbox 738 2284 847 2325; x_wconf 70' lang='lat' dir='ltr'><strong>eras.)</strong></span> <span class='ocrx_word' id='word_1_301' title='bbox 866 2281 911 2316; x_wconf 93' lang='lat' dir='ltr'><strong><em>H</em></strong></span> <span class='ocrx_word' id='word_1_302' title='bbox 928 2284 934 2326; x_wconf 80' lang='grc' dir='ltr'>Ι</span> <span class='ocrx_word' id='word_1_303' title='bbox 956 2286 1000 2317; x_wconf 81' lang='grc'><strong>19</strong></span> <span class='ocrx_word' id='word_1_304' title='bbox 1021 2282 1180 2327; x_wconf 78' lang='lat' dir='ltr'><strong>cymbris</strong></span> <span class='ocrx_word' id='word_1_305' title='bbox 1194 2281 1279 2317; x_wconf 91' lang='grc' dir='ltr'><strong>ΗΡ</strong></span> <span class='ocrx_word' id='word_1_306' title='bbox 1299 2280 1459 2316; x_wconf 86' lang='lat' dir='ltr'><strong>Celtibe-</strong></span> 
     </span>
     <span class='ocr_line' id='line_1_39' title="bbox 114 2326 1459 2374; baseline -0.001 -12"><span class='ocrx_word' id='word_1_307' title='bbox 114 2326 168 2362; x_wconf 87' lang='lat' dir='ltr'><strong>ris</strong></span> <span class='ocrx_word' id='word_1_308' title='bbox 189 2327 281 2363; x_wconf 74' lang='lat' dir='ltr'><strong>Oud.</strong></span> <span class='ocrx_word' id='word_1_309' title='bbox 304 2331 310 2369; x_wconf 75' lang='grc'><em>1</em></span> <span class='ocrx_word' id='word_1_310' title='bbox 337 2331 383 2363; x_wconf 81' lang='lat'><strong>20</strong></span> <span class='ocrx_word' id='word_1_311' title='bbox 406 2339 473 2373; x_wconf 86' lang='lat' dir='ltr'><strong>per</strong></span> <span class='ocrx_word' id='word_1_312' title='bbox 490 2339 535 2363; x_wconf 79' lang='lat' dir='ltr'><strong>ex</strong></span> <span class='ocrx_word' id='word_1_313' title='bbox 553 2339 619 2374; x_wconf 88' lang='lat' dir='ltr'><strong>pro</strong></span> <span class='ocrx_word' id='word_1_314' title='bbox 638 2328 683 2363; x_wconf 91' lang='lat' dir='ltr'><strong><em>H</em></strong></span> <span class='ocrx_word' id='word_1_315' title='bbox 700 2329 706 2372; x_wconf 89' lang='grc' dir='ltr'>Ι</span> <span class='ocrx_word' id='word_1_316' title='bbox 728 2331 772 2362; x_wconf 80' lang='lat'><strong>27</strong></span> <span class='ocrx_word' id='word_1_317' title='bbox 797 2328 928 2364; x_wconf 79' lang='lat' dir='ltr'><strong>fecisse</strong></span> <span class='ocrx_word' id='word_1_318' title='bbox 953 2329 1050 2364; x_wconf 85' lang='lat' dir='ltr'><strong>seH</strong></span> <span class='ocrx_word' id='word_1_319' title='bbox 1067 2331 1072 2373; x_wconf 94' lang='grc'><em>1</em></span> <span class='ocrx_word' id='word_1_320' title='bbox 1095 2333 1140 2364; x_wconf 79' lang='lat'><strong>29</strong></span> <span class='ocrx_word' id='word_1_321' title='bbox 1159 2328 1330 2374; x_wconf 81' lang='lat' dir='ltr'><strong>Epirotes</strong></span> <span class='ocrx_word' id='word_1_322' title='bbox 1350 2327 1459 2362; x_wconf 61' lang='lat' dir='ltr'><strong>chh-</strong></span> 
     </span>
     <span class='ocr_line' id='line_1_40' title="bbox 115 2374 1462 2421; baseline 0 -12"><span class='ocrx_word' id='word_1_323' title='bbox 115 2375 256 2409; x_wconf 76' lang='lat' dir='ltr'><strong>meister</strong></span> <span class='ocrx_word' id='word_1_324' title='bbox 286 2375 440 2420; x_wconf 76' lang='lat' dir='ltr'><strong>epirotia</strong></span> <span class='ocrx_word' id='word_1_325' title='bbox 458 2375 505 2410; x_wconf 93' lang='lat' dir='ltr'><strong><em>H</em></strong></span> <span class='ocrx_word' id='word_1_326' title='bbox 531 2386 576 2411; x_wconf 87' lang='lat' dir='ltr'><strong>ex</strong></span> <span class='ocrx_word' id='word_1_327' title='bbox 601 2374 755 2420; x_wconf 85' lang='lat' dir='ltr'><strong>epirotis</strong></span> <span class='ocrx_word' id='word_1_328' title='bbox 773 2375 811 2410; x_wconf 89' lang='lat' dir='ltr'><strong><em>P</em></strong></span> <span class='ocrx_word' id='word_1_329' title='bbox 836 2386 901 2410; x_wconf 85' lang='lat' dir='ltr'><strong>rex</strong></span> <span class='ocrx_word' id='word_1_330' title='bbox 919 2376 1156 2421; x_wconf 83' lang='lat' dir='ltr'><strong>Epirotarum</strong></span> <span class='ocrx_word' id='word_1_331' title='bbox 1176 2376 1202 2411; x_wconf 84' lang='lat' dir='ltr'><strong>d</strong></span> <span class='ocrx_word' id='word_1_332' title='bbox 1224 2380 1228 2418; x_wconf 72' lang='grc' dir='ltr'>ξ</span> <span class='ocrx_word' id='word_1_333' title='bbox 1255 2374 1398 2418; x_wconf 69' lang='lat' dir='ltr'><strong>yllirios</strong></span> <span class='ocrx_word' id='word_1_334' title='bbox 1419 2374 1462 2409; x_wconf 90' lang='lat' dir='ltr'><strong><em>H</em></strong></span> 
     </span>
    </p>
   </div>
  </div>
 </body>
</html>
