1612 2488
97 719 141 751 10

96 1016 138 1047 15

92 1311 137 1344 20

173 63 228 106 78
444 63 547 100 IULI
571 63 807 103 FRONTINI
833 63 1263 102 STRATEGEMATON

258 174 299 215 4.
337 172 393 215 M.
419 172 577 215 Furius
610 171 821 215 Camillus
852 173 1056 215 tribunus
1088 173 1278 217 militum
1309 174 1527 217 consulari

168 235 406 287 potestate,
445 234 674 275 cunctante
713 232 920 288 exercitu,
965 235 1188 288 arreptum
1225 247 1357 276 manu
1394 234 1527 290 signi-

168 291 309 334 ferum
353 292 400 334 in
441 291 593 334 hostes
631 290 815 334 Volscos
860 294 903 334 et
942 290 1122 335 Latinos
1165 292 1316 335 traxit:
1360 295 1525 336 ceteros

168 351 324 406 puduit
353 365 441 393 non
474 351 608 406 sequi.

262 410 321 463 [5.
359 408 533 452 Saluius
565 409 772 465 Pelignus
804 410 919 452 bello
951 409 1125 453 Persico
1156 410 1273 453 idem
1303 411 1437 466 fecit]

259 470 299 512 6.
339 468 397 511 Μ.
417 468 572 511 Furius
605 484 759 512 auerso
785 469 994 524 exercitu,
1020 484 1117 512 cum
1144 470 1423 526 occurrisset,
1453 470 1525 513 ad·

167 529 357 571 firmauit
393 543 482 571 non
513 531 789 583 recepturum
815 542 860 571 se
893 530 939 571 in
972 531 1116 571 castra
1148 544 1409 586 quemquam
1439 530 1528 573 nisi

167 588 394 631 uictorem:
431 588 705 644 reductisque
742 588 788 629 in
827 588 962 630 aciem
1005 589 1190 631 uictoria
1232 589 1399 644 potitus
1448 592 1526 632 est.

259 648 296 689 7.
342 646 487 702 Scipio
526 647 640 703 apud
678 646 982 702 Numantiam,
1026 662 1123 690 cum
1161 662 1363 690 auersum
1400 662 1526 691 suum

167 706 335 748 uideret
355 707 602 758 exercitum,
621 706 922 761 pronuntiauit
946 721 1026 762 pro
1051 706 1178 750 hoste
1205 707 1288 750 sibi
1319 707 1525 764 futurum,

167 766 360 821 quisquis
393 766 437 808 in
469 767 615 808 castra
644 765 839 808 redisset.

256 826 296 868 8.
337 824 545 868 Seruilius
577 824 751 867 Priscus
784 824 986 880 dictator,
1017 839 1114 868 cum
1146 825 1271 882 signa
1300 825 1523 882 legionum

165 883 268 927 ferri
299 885 346 926 in
375 885 516 927 hostis
548 884 744 928 Faliscos
775 885 991 940 iussisset,
1032 884 1289 941 signiferum
1320 888 1522 928 cunctan-

164 946 253 986 tem
286 944 425 987 occidi
456 944 709 1000 imperauit:
749 958 832 999 quo
872 944 1068 999 exemplo
1100 944 1321 999 perterriti
1351 945 1524 988 hostem

164 1003 433 1046 inuaserunt.

256 1063 313 1116 [9.
364 1061 524 1106 Cossus
564 1060 791 1105 Cornelius
829 1061 1040 1118 magister
1078 1062 1273 1118 equitum
1315 1062 1522 1106 aduersus

163 1121 396 1164 Fidenates
428 1121 543 1164 idem
573 1121 708 1174 fecit]

256 1181 323 1224 10.
365 1181 628 1237 Tarquinius
662 1181 869 1223 aduersus
901 1178 1087 1222 Sabinos
1119 1181 1372 1223 cunctantes
1405 1180 1521 1236 equi-

162 1243 229 1283 tes
280 1240 485 1284 detractis
523 1240 659 1282 frenis
710 1239 1023 1295 concitatisque
1074 1239 1195 1294 equis
1245 1253 1522 1295 perrumpere

165 1300 301 1342 aciem
334 1300 475 1343 iussit.

259 1360 322 1402 11.
355 1358 412 1402 Μ.
431 1359 594 1402 Atilius
621 1359 773 1402 consul
803 1359 920 1401 bello
947 1357 1184 1401 Samnitico
1210 1372 1263 1400 ex
1284 1357 1378 1400 acie
1407 1357 1520 1401 refu-

164 1418 382 1474 gientibus
419 1418 465 1460 in
501 1421 646 1460 castra
677 1418 890 1460 militibus
923 1417 1063 1460 aciem
1094 1431 1271 1459 suorum
1302 1417 1520 1472 opposuit,

163 1478 394 1519 adfirmans
421 1492 564 1519 secum
591 1481 634 1518 et
659 1478 783 1519 bonis
810 1477 977 1519 ciuibus
1001 1476 1285 1519 dimicaturos
1316 1490 1402 1530 eos,
1432 1475 1518 1518 nisi

163 1552 259 1579 cum
279 1536 479 1579 hostibus
500 1536 773 1578 maluissent:
799 1550 850 1579 ea
873 1536 1040 1578 ratione
1065 1535 1294 1578 uniuersos
1317 1535 1363 1576 in
1382 1535 1519 1578 aciem

91 1608 110 1638 *2
162 1596 343 1638 reduxit.

255 1656 322 1698 12.
365 1654 414 1698 L.
447 1654 588 1710 Sulla,
625 1654 871 1697 cedentibus
909 1654 996 1696 iam
1034 1653 1278 1710 legionibus
1309 1653 1517 1696 exercitui

255 1799 276 1830 2
304 1795 506 1831 exercitum
531 1794 578 1830 H
595 1795 600 1840 Ι
629 1797 814 1831 arrectum
835 1794 882 1829 H
886 1794 933 1838 P,
960 1804 1052 1830 corr.
1071 1794 1097 1829 d
1117 1794 1123 1838 Ι
1152 1797 1173 1829 3
1199 1793 1322 1829 ulscos
1348 1792 1407 1828 ΗἸ
1431 1793 1516 1828 uul-

160 1853 241 1878 scos
267 1843 289 1877 72
323 1843 329 1886 Ι
363 1847 385 1877 4
410 1853 478 1877 nos
503 1842 549 1877 H
584 1843 589 1887 Ι
621 1846 642 1878 5
667 1842 867 1887 exemplum
893 1842 1070 1877 alienum:
1096 1841 1142 1885 cf.
1162 1841 1284 1885 praef.
1363 1843 1408 1883 9‚·
1432 1842 1517 1876 ante

155 1890 265 1935 prius
290 1891 490 1934 exemplum
510 1890 638 1934 posuit
666 1889 758 1925 Oud.
785 1890 862 1925 coll.
889 1889 989 1924 Plut.
1016 1889 1116 1924 Aem.
1142 1889 1194 1924 20
1227 1888 1233 1932 Ι
1273 1891 1294 1922 6
1362 1888 1388 1932 .]
1416 1886 1515 1922 Mar-

160 1948 223 1972 cus
253 1936 284 1972 0
304 1936 406 1971 Idem
436 1937 528 1972 ΟΜΖ.
553 1939 557 1980 Ι
586 1947 717 1972 auerso
744 1938 908 1972 exercitu
931 1937 957 1971 d
983 1935 1140 1970 aduerso
1167 1934 1331 1970 exercitu
1356 1933 1429 1970 ΟΡ
1449 1933 1514 1969 ad-

157 1987 268 2019 uersu
294 1984 457 2019 exercitu
480 1984 533 2027 H,
558 1985 619 2019 sed
644 1984 796 2030 uiryula
821 1985 875 2020 bis
899 1985 941 2018 in
966 1984 1019 2018 lit.
1059 1984 1064 2026 Ι
1104 1985 1126 2017 8
1151 1980 1311 2017 uictoria
1337 1981 1419 2016 GH
1446 1983 1452 2026 Ι
1492 1985 1514 2017 9

158 2042 242 2066 cum
263 2050 306 2056 -
326 2030 488 2077 uideret]
521 2042 587 2067 om.
614 2031 660 2066 H
663 2031 673 2050 ¹
711 2042 796 2066 cum
821 2031 998 2066 aduersus
1023 2030 1047 2065 h
1082 2028 1282 2064 aduersum
1310 2027 1363 2074 Ol
1387 2032 1430 2064 12
1457 2027 1514 2064 Si-

156 2078 270 2114 uilius
296 2078 342 2113 H
347 2078 394 2121 P,
419 2089 481 2113 em.
515 2078 592 2125 δεῖ.
619 2079 696 2114 coll.
724 2078 813 2114 Liu.
840 2081 874 2122 4,
900 2081 961 2121 46,
986 2080 1034 2113 10
1062 2077 1067 2121 ί
1103 2079 1146 2111 13
1171 2075 1280 2110 ferrit
1304 2075 1364 2111 Ηι
1399 2075 1516 2112 ferret

156 2127 179 2162 Ιι
208 2126 213 2172 1
242 2126 369 2162 hostes
395 2125 432 2160 P
456 2125 460 2172 l
492 2128 535 2159 14
562 2125 749 2170 perterriti
775 2126 890 2160 ceteri
915 2126 941 2160 d
980 2125 984 2169 Ι
1027 2127 1070 2159 16
1101 2123 1301 2168 exemplum
1332 2123 1513 2159 alienum:

157 2174 202 2217 cf.
223 2173 344 2219 praef.
370 2172 398 2219 5
423 2175 464 2217 9,·
484 2176 569 2217 post
594 2173 784 2217 insequens
807 2172 1006 2217 eccemplum
1024 2171 1152 2216 posuit
1173 2170 1265 2206 Oud.
1299 2170 1377 2206 coll.
1404 2169 1513 2206 Flor.

157 2224 191 2263 1,
216 2224 274 2264 11,
302 2224 325 2256 3
366 2222 370 2265 1
413 2223 456 2255 19
481 2230 696 2265 procurrere
723 2221 762 2254 et
785 2229 1024 2265 perrumpere
1049 2218 1128 2254 edd.
1163 2218 1168 2262 Ι
1208 2220 1253 2252 22
1279 2217 1399 2253 aciem
1429 2227 1514 2253 suo-

155 2269 256 2314 rum]
285 2268 452 2312 equitum
478 2266 678 2302 stationem
708 2267 800 2302 ΟΜΖ.
827 2267 906 2303 coll.
931 2265 1022 2302 Liu.
1047 2268 1108 2308 10,
1132 2267 1191 2309 36,
1217 2268 1241 2300 6
1263 2265 1268 2310 Ι
1291 2268 1335 2300 23
1362 2265 1401 2300 et
1426 2274 1511 2300 cum

156 2315 263 2350 bonis
308 2316 332 2350 d
366 2316 371 2360 1
415 2318 459 2350 26
486 2315 525 2350 L.
552 2325 618 2350 om.
645 2314 691 2349 H
