1612 2488
135 744 178 775 10

134 1039 176 1070 15

132 1334 176 1366 20

134 1925 179 1957 30

207 90 262 132 16
478 90 577 127 IULI
603 91 837 127 FRONTINI
867 91 1297 129 STRATEGEMATON

204 199 381 242 modum
406 214 538 242 cauae
569 200 696 242 lunae
721 200 843 242 duxit
868 202 912 242 et
937 203 1163 243 oneratum
1187 202 1382 245 materiis
1413 203 1559 247 incen-

205 258 287 301 dit:
329 261 459 314 atque
496 260 560 302 ita
597 259 782 301 exclusis
819 259 1020 302 hostibus
1057 259 1216 304 fiumen
1252 261 1558 327 libere-trans-

205 332 381 374 gressus
414 321 489 360 est.

293 378 334 420 2.
378 375 588 419 Similiter
624 376 852 433 Pelopidas
889 377 1120 421 Thebanus
1158 379 1273 422 bello
1309 380 1557 424 Thessalico

203 436 439 478 transitum
466 436 693 492 quaesiuit.
740 451 926 492 namque
953 439 1107 480 castris
1133 439 1391 494 ampliorem
1415 440 1558 483 locum

206 510 336 551 supra
365 496 506 550 ripam
539 496 807 551 complexus,
838 496 1002 538 uallum
1035 498 1219 540 ceruolis
1245 501 1289 540 et
1315 498 1399 542 alio
1424 501 1560 542 mate-

203 555 292 597 riae
319 569 475 610 genere
498 557 793 599 constructum
813 555 1022 598 incendit:
1048 556 1234 612 dumque
1260 558 1435 614 ignibus
1462 559 1558 601 sub-

205 616 436 656 mouentur
466 614 635 670 hostes,
666 615 759 670 ipse
790 615 970 674 fluuium
1002 616 1232 670 superauit.

293 673 332 715 3.
366 673 415 723 Q.
434 673 636 715 Lutatius
657 672 851 728 Catulus,
877 688 973 716 cum
999 689 1024 716 a
1043 673 1232 717 Cimbris
1257 676 1408 730 pulsus
1427 691 1559 719 unam

206 746 326 787 spem
354 733 506 775 salutis
532 732 726 787 haberet,
753 733 791 775 si
815 733 976 775 flumen
1000 733 1247 790 liberasset,
1273 735 1393 778 cuius
1418 736 1559 791 ripam

204 791 354 833 hostes
398 793 624 847 tenebant,
666 792 712 833 in
749 793 946 847 proximo
983 795 1130 836 monte
1168 794 1316 849 copias
1353 794 1560 850 ostendit,

204 853 426 905 tamquam
464 851 527 893 ibi
559 854 701 893 castra
732 851 967 907 positurus.
1030 866 1080 894 ac
1110 854 1330 908 praecepit
1361 853 1468 909 suis,
1504 868 1559 896 ne

205 911 395 952 sarcinas
435 910 654 952 soluerent
687 913 762 952 aut
793 925 926 953 onera
957 911 1221 966 deponerent
1255 926 1340 954 neu
1372 913 1468 968 quis
1504 913 1559 956 ab

204 969 428 1012 ordinibus
461 969 683 1025 signisque
716 969 972 1025 discederet;
1016 973 1060 1013 et
1097 985 1180 1026 quo
1201 971 1354 1028 'magis
1385 986 1560 1027 persua-

205 1028 371 1070 sionem
422 1028 614 1070 hostium
664 1028 957 1084 confirmaret,
1006 1044 1143 1084 pauca
1189 1031 1471 1074 tabernacula
1514 1032 1560 1074 in

203 1089 435 1142 conspectu
462 1088 570 1143 erigi
595 1087 724 1129 iussit
748 1087 957 1143 ignesque
981 1089 1075 1130 fieri
1101 1091 1144 1130 et
1163 1089 1371 1144 quosdam
1392 1090 1559 1132 uallum

203 1148 387 1202 struere,
433 1146 644 1202 quosdam
681 1147 727 1188 in
764 1146 1070 1202 lignationem,
1113 1150 1163 1189 ut
1199 1149 1560 1204 conspicerentur,

205 1206 336 1247 exire:
364 1206 478 1260 quod
498 1205 662 1248 Cimbri
688 1220 787 1247 uere
814 1206 887 1261 agi
913 1206 1213 1249 existimantes
1233 1210 1277 1250 et
1301 1208 1387 1263 ipsi
1406 1208 1559 1252 castris

203 1264 458 1320 delegerunt
498 1265 640 1306 locum
683 1264 950 1320 dispersique
992 1266 1039 1307 in
1080 1266 1301 1321 proximos
1340 1280 1468 1322 agros
1505 1267 1559 1309 ad

204 1324 494 1378 comparanda
523 1338 591 1379 ea,
624 1338 734 1379 quae
766 1324 982 1366 mansuris
1013 1325 1259 1368 necessaria
1289 1328 1408 1381 sunt,
1440 1340 1560 1369 occa-

205 1384 370 1425 sionem
403 1383 610 1425 dederunt
641 1381 798 1426 Catulo
830 1398 918 1426 non
950 1385 1088 1426 solum
1126 1384 1285 1427 flumen
1321 1385 1563 1441 traiciendi,

205 1442 279 1483 sed
311 1443 444 1484 etiam
477 1444 620 1484 castra
652 1457 801 1485 eorum
832 1443 1079 1485 infestandi.

292 1501 332 1543 4.
372 1500 578 1556 Croesus,
617 1515 713 1543 cum
745 1501 891 1556 Halyn
930 1502 1041 1544 uado
1073 1503 1260 1544 transire
1291 1517 1382 1545 non
1412 1506 1561 1558 posset

204 1574 342 1615 neque
387 1561 564 1602 nauium
609 1564 684 1602 aut
727 1562 876 1615 pontis
919 1559 1107 1603 faciendi
1151 1562 1321 1616 copiam
1369 1561 1561 1617 haberet,

204 1618 324 1661 fossa
355 1620 576 1674 superiore
606 1622 731 1675 parte
762 1622 863 1675 post
895 1624 1038 1662 castra
1070 1619 1252 1663 deducta
1284 1620 1455 1663 alueum
1485 1621 1560 1663 fiu-

206 1678 313 1720 mini
346 1693 371 1720 a
402 1681 527 1734 tergo
561 1679 774 1721 exercitus
809 1679 875 1721 sui
906 1679 1102 1722 reddidit.

295 1737 334 1780 5.
368 1736 443 1780 Cn.
463 1737 697 1793 Pompeius
723 1737 963 1792 Brundisii,
995 1753 1091 1780 cum
1124 1738 1325 1781 excedere
1355 1738 1487 1781 Italia
1518 1741 1562 1781 et

204 1797 440 1838 transferre
473 1797 634 1839 bellum
666 1797 981 1853 proposuisset,
1020 1799 1210 1840 instante
1242 1813 1268 1840 a
1298 1801 1424 1852 tergo
1456 1795 1560 1840 Cae-

205 1869 299 1897 sare
351 1870 658 1899 conscensurus
710 1857 892 1899 classem
940 1857 1148 1911 quasdam
1193 1856 1411 1898 obstruxit
1453 1856 1560 1911 uias,

206 1914 314 1956 alias
340 1915 581 1969 parietibus
607 1915 901 1970 intersaepsit,
935 1915 1042 1957 alias
1069 1914 1290 1957 intercidit
1313 1914 1443 1957 fossis
1470 1929 1560 1957 eas-

205 1988 284 2026 que
317 1974 496 2015 sudibus
529 1975 681 2017 erectis
712 1975 959 2029 praeclusas
991 1974 1159 2030 operuit
1188 1973 1397 2022 cratibus,
1428 1973 1559 2017 humo

301 2105 324 2136 4
349 2101 451 2137 bello
471 2102 523 2144 H,
549 2103 610 2149 sed
630 2112 650 2136 ο
671 2103 713 2137 in
730 2113 803 2138 ras.
824 2103 983 2138 duarum
1003 2102 1072 2137 litt.
1095 2102 1100 2148 Ι
1123 2105 1143 2137 6
1165 2100 1324 2137 ceruulis
1343 2101 1367 2137 h
1388 2103 1393 2145 Ι
1417 2105 1437 2136 9
1459 2111 1558 2147 cym-

206 2148 282 2184 bris
308 2149 351 2184 H
382 2149 388 2194 Ι
429 2152 471 2183 12
504 2149 556 2184 ibi
588 2149 665 2184 edd.
705 2150 743 2184 in
769 2150 869 2194 ΗΡ,
903 2160 969 2185 om.
996 2149 1021 2184 d
1054 2150 1060 2194 1
1092 2160 1139 2184 ne
1170 2159 1236 2183 om.
1263 2147 1322 2183 Η1
1361 2149 1367 2193 Ι
1408 2151 1451 2185 13
1489 2159 1562 2184 neu

207 2196 374 2232 Eussner
398 2207 445 2231 ne
465 2195 551 2231 ΗΡ
575 2197 580 2239 Ι
609 2200 654 2231 14
675 2197 712 2231 et
732 2208 798 2232 om.
813 2197 873 2231 Η1
894 2199 899 2241 Ι
933 2199 976 2232 18
996 2196 1138 2240 cymbri
1156 2195 1225 2240 ΗΙ
1252 2199 1301 2238 24
1323 2195 1489 2232 habebat
1507 2195 1561 2240 H,

207 2245 303 2288 quod
323 2254 392 2289 per
411 2244 649 2289 parenthesin
674 2247 795 2280 tuetur
820 2244 974 2286 Hartel,·
999 2243 1044 2287 cf.
1066 2243 1187 2288 praef.
1213 2242 1241 2289 ,5
1265 2242 1340 2287 121
1371 2246 1416 2278 25
1441 2241 1562 2279 flumi=

207 2291 264 2326 nis
291 2291 335 2326 H
341 2291 386 2335 P,
411 2302 474 2327 em.
501 2290 636 2326 Hartel
657 2292 663 2335 Ι
694 2295 738 2326 27
766 2291 963 2327 excederet
987 2290 1033 2325 H
1036 2291 1096 2334 ΡΙ
1122 2289 1251 2326 italiae
1278 2290 1324 2325 H
1341 2292 1346 2336 Ι
1381 2293 1425 2326 31
1451 2300 1562 2337 prae-

212 2337 350 2385 clusas]
378 2349 429 2375 an
452 2339 665 2384 praeacutis
691 2337 710 2373 ,9
726 2339 772 2382 cf.
801 2338 900 2374 Caes.
920 2338 953 2374 b.
973 2348 1002 2374 c.
1023 2341 1058 2382 1,
1077 2341 1129 2374 27
