1612 2488
127 777 171 808 10

130 1084 173 1116 15

127 1403 172 1435 20

126 1699 171 1730 25

198 124 287 166 140
467 124 566 160 IULI
591 124 829 161 FRONTINI
855 124 1280 162 STRATEGEMATON

195 231 341 275 Flacci
373 232 648 288 proconsulis
675 234 951 290 excogitauit,
982 236 1031 276 ut
1055 234 1243 277 delectos
1274 248 1325 277 ex
1355 237 1450 278 toto
1482 250 1555 278 ex·

196 292 353 347 ercitu,
391 292 466 347 qui
497 292 764 335 uelocissimi
805 293 1064 336 uidebantur
1095 296 1140 336 et
1169 293 1398 336 mediocris
1428 298 1556 337 erant

198 353 403 406 staturae,
434 351 644 406 parmulis
674 367 763 394 non
794 352 950 407 amplis
983 355 1027 394 et
1058 352 1280 407 galeiculis
1311 353 1555 409 gladiisque

196 425 246 452 ac
273 411 463 466 septenis
489 410 684 467 singulos
702 411 843 454 hastis
869 414 1177 466 quaternorum
1202 411 1374 455 circiter
1396 413 1554 468 pedum

196 471 386 512 armaret
418 484 577 525 eosque
615 470 840 513 adiunctos
879 471 1096 526 equitibus
1137 471 1307 514 iuberet
1335 486 1468 527 usque
1500 471 1555 514 ad

197 529 371 571 moenia
401 529 602 584 prouehi,
639 530 790 572 deinde
827 530 890 571 ibi
921 530 1106 585 positos,
1142 530 1304 572 nostris
1336 530 1555 586 equitibus

197 588 302 643 (se)
334 588 662 643 recipientibus,
692 589 806 631 inter
837 589 1029 631 hostium
1062 589 1302 643 equitatum
1333 589 1557 645 proeliari:

198 661 283 702 quo
322 647 439 689 facto
483 648 764 690 uehementer
801 651 845 689 et
880 649 966 702 ipsi
1003 647 1214 703 Campani
1255 649 1416 691 adflicti
1454 651 1557 691 sunt

198 709 241 748 et
271 707 457 748 maxime
483 708 581 762 equi
608 721 776 762 eorum,
812 707 967 762 quibus
1004 707 1194 750 turbatis
1224 722 1363 763 prona
1391 708 1555 750 nostris

196 765 381 808 uictoria
411 765 506 810 fuit.

287 837 357 879 30.
400 835 447 878 P.
479 835 620 890 Scipio
660 836 705 878 in
736 835 894 891 Lydia,
937 851 1035 878 cum
1073 836 1141 878 die
1182 851 1232 878 ac
1261 838 1387 879 nocte
1417 836 1558 879 imbre

199 896 405 938 continuo
437 899 642 937 uexatum
675 896 913 937 exercitum
938 895 1143 938 Antiochi
1173 895 1344 938 uideret
1371 910 1452 938 nee
1481 896 1557 940 ho-

197 956 336 996 mines
368 957 540 996 tantum
569 957 645 996 aut
670 968 801 1009 equos
829 954 1020 1009 deficere,
1050 969 1200 997 uerum
1231 969 1355 997 arcus
1386 969 1558 1010 quoque

198 1014 476 1056 madentibus
496 1014 642 1055 neruis
673 1013 889 1055 inhabiles
918 1014 1071 1068 factos,
1103 1013 1355 1056 exhortatus
1381 1016 1448 1056 est
1469 1013 1557 1058 fra-

198 1075 334 1125 trem,
371 1076 421 1115 ut
456 1076 631 1128 postero
669 1074 868 1128 quamuis
906 1073 1113 1128 religioso
1157 1072 1225 1115 die
1269 1073 1559 1116 committeret

197 1132 432 1187 proelium:
467 1147 595 1187 quam
628 1132 891 1174 sententiam
923 1134 1071 1174 secuta
1101 1132 1286 1174 uictoria
1317 1135 1396 1174 est.

288 1215 356 1257 31.
402 1213 614 1257 Catonem
651 1217 899 1256 uastantem
930 1213 1188 1269 Hispaniam
1225 1214 1361 1270 legati
1396 1213 1556 1270 Ilerge-

197 1278 311 1329 tum,
351 1274 425 1329 qui
463 1274 680 1316 sociorum
711 1274 895 1329 populus
934 1276 1044 1325 erat,
1081 1273 1279 1315 adierunt
1308 1275 1559 1316 orauerunt-

199 1348 282 1388 que
315 1333 489 1375 auxilia.
538 1333 625 1387 ille,
655 1347 710 1374 ne
740 1335 816 1374 aut
845 1334 1006 1388 negato
1038 1331 1252 1374 adiutorio
1283 1332 1422 1374 socios
1454 1332 1559 1375 alie-

198 1395 324 1434 naret
364 1394 440 1434 aut
483 1391 656 1434 diducto
699 1392 887 1433 exercitu
931 1391 1047 1433 uires
1100 1391 1338 1446 minueret,
1362 1392 1558 1434 tertiam

198 1454 369 1507 partem
398 1451 587 1493 militum
614 1451 778 1493 cibaria
802 1465 957 1505 parare
982 1452 1027 1492 et
1051 1464 1184 1492 naues
1209 1449 1439 1492 ascendere
1469 1451 1556 1493 ius-

199 1511 278 1565 sit,
323 1510 424 1552 dato
461 1513 718 1564 praecepto,
763 1512 812 1551 ut
849 1509 1076 1564 cau<sa>ti
1113 1511 1266 1551 uentos
1297 1510 1414 1551 retro
1445 1509 1557 1551 redi-

197 1571 314 1612 rent:
365 1569 623 1624 praecedens
673 1568 848 1610 interim
898 1567 1174 1610 aduentantis
1215 1567 1381 1611 auxilii.
1407 1582 1557 1610 rumor

198 1631 247 1670 ut
282 1627 520 1684 Ilergetum
565 1627 772 1670 excitauit
812 1627 1005 1678 animos,
1048 1627 1110 1668 ita
1146 1626 1339 1669 hostium
1376 1626 1559 1670 consilia

198 1688 415 1730 discussit.

288 1759 358 1800 32.
403 1757 448 1800 C.
469 1756 640 1810 Caesar,
672 1772 768 1800 cum
794 1757 837 1799 in
865 1756 1064 1812 partibus
1089 1755 1365 1810 Pompeianis
1394 1770 1558 1812 magna

296 1902 315 1932 2
342 1897 548 1932 mediocres
577 1896 665 1932 GH
682 1899 686 1941 1
719 1901 740 1932 3
767 1896 962 1942 galeiculis
985 1896 1021 1931 P
1044 1894 1144 1941 galei
1170 1894 1287 1930 oculis
1313 1894 1402 1930 GH
1420 1895 1557 1940 galeri·

199 1945 292 1980 culis
319 1946 343 1980 d
380 1944 539 1990 galeolis
564 1945 642 1980 edd.
677 1946 685 1988 1
717 1947 740 1978 4
764 1944 886 1979 hostis
913 1943 1000 1978 GH
1023 1943 1029 1988 Ι
1064 1946 1085 1977 5
1111 1942 1274 1977 armaret
1296 1941 1374 1977 Ser.
1409 1952 1556 1977 armare

200 1992 287 2028 GH
293 1992 329 2026 P
348 1991 484 2026 armari
504 1992 528 2027 d
549 1992 552 2037 ξ
575 1996 595 2026 6
614 1990 668 2026 ibi
689 2002 733 2026 ex
752 1990 817 2026 ubi
830 1991 871 2026 H
888 1990 892 2037 Ι
909 1989 1053 2036 positos
1066 1989 1235 2024 Eussner
1253 1987 1388 2034 positis
1404 1989 1493 2026 GH
1497 1988 1553 2036 ΡΙ

198 2040 312 2075 uerba
338 2038 526 2083 equitibus
554 2059 597 2064 —
624 2038 834 2083 equitatum
866 2039 908 2072 in
931 2048 1067 2073 rasura
1085 2047 1158 2082 pro
1181 2034 1342 2071 uictoria
1365 2056 1409 2062 —
1435 2036 1556 2072 imbre

198 2089 250 2129 (u.
267 2089 426 2130 10-11)
439 2086 484 2120 H
502 2087 506 2130 Ι
531 2090 550 2120 7
571 2096 609 2120 se
629 2086 715 2121 add.
735 2085 872 2121 Hartel
893 2086 898 2129 Ι
919 2083 1185 2130 recipientibus
1202 2082 1290 2118 GH
1309 2083 1473 2128 incipere
1490 2084 1528 2118 P

200 2138 244 2168 11
270 2133 310 2169 P.
331 2145 397 2170 om.
412 2132 469 2168 Η1
495 2134 565 2168 Pre
588 2133 625 2167 P
645 2134 650 2177 Ι
675 2136 719 2168 14
743 2131 913 2178 fratrem]
941 2142 1025 2166 suos
1043 2132 1069 2166 d
1090 2132 1096 2175 1
1120 2134 1163 2165 15
1186 2130 1483 2166 committeretur
1501 2131 1544 2166 d*

202 2185 244 2217 17
270 2181 471 2226 ilergetum
499 2180 534 2215 G
564 2182 733 2224 regetum
759 2180 805 2215 H
832 2179 916 2224 lege
939 2180 1020 2214 tum
1047 2177 1109 2223 Pl
1142 2181 1184 2212 19
1211 2180 1279 2212 aut
1307 2179 1444 2223 negato
1472 2177 1508 2213 G

199 2229 386 2273 abnegato
409 2228 445 2262 P
469 2228 535 2262 aut
560 2227 747 2271 abnegato
774 2227 852 2262 edd.
876 2229 881 2271 1
915 2230 959 2262 22
987 2223 1131 2260 causati
1155 2224 1234 2260 edd.
1261 2223 1363 2260 cauti
1390 2224 1478 2260 ΘΗ
1482 2224 1542 2260 P-

199 2278 332 2311 uentos
357 2279 543 2320 tamquam
567 2275 741 2319 ylossema
766 2275 849 2309 eicit
871 2274 913 2316 d,
938 2274 1091 2317 sonasse
1115 2271 1193 2307 coll.
1220 2271 1309 2306 Liu.
1337 2274 1397 2315 34,
1417 2275 1475 2314 13,
1494 2275 1517 2307 1

199 2326 244 2358 23
270 2323 308 2358 in
335 2322 464 2357 auxilii
493 2322 529 2356 P
555 2323 560 2365 1
595 2324 640 2356 24
666 2319 930 2366 utileregetum
952 2319 1039 2355 GH
1071 2318 1127 2354 uti
1151 2318 1317 2364 legetum
1343 2319 1380 2354 P
1403 2319 1410 2364 1
1443 2323 1488 2354 26
1514 2317 1554 2354 C.

199 2381 265 2405 om.
294 2369 380 2405 GH
388 2370 399 2388 ¹
