1612 2488
108 745 153 778 10

108 1041 152 1074 15

108 1337 154 1369 20

105 1631 151 1663 25

183 88 270 132 130
455 89 555 126 IULI
579 89 818 126 FRONTINI
843 88 1269 128 STRATEGEMATON

179 199 300 241 tibus
324 197 412 241 XII
444 198 619 241 omnino
652 198 887 255 equitibus,
919 198 953 240 L
983 198 1202 254 peditibus
1234 199 1310 255 qui
1338 199 1536 242 comitari

181 258 448 300 sustinerent
477 258 674 314 repertis,
705 258 943 300 incolumes
969 257 1205 301 Canusium
1237 261 1538 314 peruenerunt.

271 318 311 360 8.
355 317 401 360 C.
438 317 647 360 Fonteius
687 315 871 359 Crassus
914 317 958 359 in
1001 316 1216 372 Hispania
1258 331 1356 360 cum
1394 314 1536 360 tribus

181 376 359 420 milibus
390 376 617 419 hominum
642 376 899 432 praedatum
923 376 1144 432 profectus
1175 376 1356 432 locoque
1385 377 1535 432 iniquo

181 435 500 478 circumuentus
534 436 587 478 ab
619 435 912 490 Hasdrubale,
944 436 998 478 ad
1029 435 1194 491 primos
1222 438 1396 479 tantum
1427 436 1537 478 ordi·

179 510 256 537 nes
288 495 425 538 relato
458 495 652 550 consilio,
682 495 917 550 incipiente
948 499 1086 549 nocte,
1117 509 1202 550 quo
1233 498 1428 551 tempore
1459 495 1538 537 mi-

179 554 294 596 nime
327 555 671 609 exspectabatur,
702 569 779 609 per
810 555 1020 596 stationes
1050 554 1244 597 hostium
1276 554 1427 609 erupit.

270 614 310 656 9.
349 612 399 657 Ρ.
441 613 598 656 Decius
648 614 848 656 tribunus
897 613 1086 655 militum
1136 613 1250 655 bello
1295 611 1535 656 Samnitico

181 671 382 715 Cornelio
415 672 583 716 consuli
613 672 773 728 iniquis
812 673 916 715 locis
950 672 1216 728 deprehenso
1250 672 1304 715 ab
1336 672 1536 715 hostibus

181 732 328 787 suasit,
359 734 408 774 ut
428 732 481 774 ad
502 732 799 787 occupandum
819 731 975 774 collem
1001 732 1074 787 qui
1098 731 1143 773 in
1169 731 1410 787 propinquo
1443 734 1538 774 erat

180 791 395 833 modicam
427 806 603 833 manum
636 791 847 846 mitteret,
885 805 1017 846 seque
1049 790 1199 833 ducem
1229 790 1298 832 his
1330 791 1404 846 qui
1434 791 1536 833 mit-

179 851 385 893 tebantur
423 850 602 893 obtulit:
641 852 849 893 auocatus
887 850 931 892 in
969 850 1187 892 diuersum
1217 849 1359 892 hostis
1390 849 1538 892 emisit

181 910 416 964 consulem,
447 909 627 952 Decium
654 912 797 952 autem
823 909 957 951 cinxit
981 909 1246 965 obseditque.
1307 909 1404 952 illas
1431 923 1537 964 quo-

180 983 261 1024 que
305 970 528 1025 angustias
568 971 696 1011 nocte
743 968 966 1023 eruptione
1009 969 1126 1011 facta
1169 983 1267 1011 cum
1317 968 1532 1012 eluctatus

180 1031 295 1070 esset
313 1028 483 1083 Decius,
515 1028 742 1071 incolumis
774 1042 871 1070 cum
903 1027 1112 1070 militibus
1143 1027 1310 1070 consuli
1340 1027 1535 1071 accessit.

271 1088 339 1130 10.
383 1087 504 1129 Idem
534 1087 639 1130 fecit
669 1088 749 1129 sub
783 1086 919 1129 Atilio
951 1085 1152 1130 Calatino
1184 1086 1382 1142 consule,
1413 1086 1535 1129 cuius

178 1147 297 1190 uarie
354 1147 586 1189 traduntur
639 1147 841 1189 nomina:
894 1146 969 1187 alii
1034 1145 1289 1200 Laberium,
1337 1145 1535 1188 nonnulli

179 1205 226 1254 Q.
260 1205 523 1259 Caedicium,
561 1205 737 1260 plurimi
770 1204 1055 1259 Calpurnium
1086 1204 1329 1246 Flammam
1368 1204 1534 1246 uocita-

178 1267 272 1306 tum
313 1265 588 1320 scripserunt.
649 1264 721 1306 hic
759 1278 855 1306 cum
893 1263 1127 1305 demissum
1165 1264 1210 1306 in
1247 1277 1343 1305 eam
1373 1263 1534 1306 uallem

180 1323 349 1366 uideret
392 1323 649 1378 exercitum,
693 1323 814 1366 cuius
855 1323 996 1365 latera
1039 1323 1270 1378 omniaque
1311 1322 1536 1377 superiora

179 1382 321 1425 hostis
353 1382 589 1438 insederat,
627 1382 880 1438 depoposcit
910 1385 955 1424 et
986 1381 1154 1437 accepit
1186 1396 1212 1424 a
1243 1381 1419 1424 consule
1449 1383 1534 1423 tre-

179 1445 328 1485 centos
348 1443 522 1497 milites,
554 1456 662 1497 quos
682 1442 898 1497 hortatus,
928 1443 978 1483 ut
1002 1441 1164 1483 uirtute
1197 1455 1276 1483 sua
1301 1440 1534 1483 exercitum

180 1504 414 1556 seruarent,
445 1501 491 1542 in
517 1501 703 1543 mediam
729 1501 890 1543 uallem
915 1500 1173 1542 decucurrit:
1205 1499 1258 1542 ad
1290 1499 1534 1554 opprimen-

179 1560 255 1602 dos
289 1575 362 1602 eos
396 1560 583 1615 undique
622 1559 844 1601 descendit
879 1559 1018 1601 hostis
1050 1559 1269 1614 longoque
1306 1561 1350 1600 et
1380 1571 1532 1615 aspero

176 1619 344 1675 proelio
382 1621 577 1661 retentus
616 1618 885 1661 occasionem
925 1617 1094 1660 consuli
1132 1617 1186 1659 ad
1223 1615 1534 1660 extrahendum

178 1679 412 1721 exercitum
444 1678 572 1722 dedit.

276 1822 294 1853 1
322 1818 414 1854 .ΧΠ,
442 1818 521 1854 GP
541 1817 629 1855 .XlI.
655 1817 702 1852 H
724 1816 787 1852 DC
812 1817 1004 1852 Rubenius
1029 1827 1073 1852 ex
1097 1815 1186 1852 Liu.
1211 1818 1278 1859 22,
1297 1818 1357 1859 50,
1376 1818 1422 1850 11
1444 1816 1450 1858 1
1479 1813 1532 1850 .L.

178 1866 263 1901 ΗΡ
288 1865 349 1901 uel
374 1867 399 1902 d
421 1867 426 1910 Ι
449 1866 476 1900 L
503 1865 692 1911 peditibus
718 1876 782 1900 om.
805 1865 837 1899 G
861 1867 865 1909 Ι
889 1868 909 1899 2
936 1863 1190 1899 sustinuerant
1213 1864 1238 1898 d
1258 1864 1265 1908 1
1287 1867 1307 1898 3
1333 1862 1534 1906 exemplum

176 1914 397 1959 descriptum
423 1924 466 1948 ex
491 1916 525 1956 1,
546 1915 581 1955 5,
600 1916 650 1948 12
685 1913 689 1957 1
725 1923 873 1957 grassus
900 1911 987 1947 GH
1011 1912 1015 1954 Ι
1049 1912 1090 1947 Τ.
1116 1910 1294 1946 Fonteius
1319 1909 1468 1955 legatus
1491 1907 1534 1944 in

179 1961 272 1996 Oud.
296 1962 302 2005 Ι
325 1964 345 1995 5
366 1960 494 1995 ordine
515 1960 560 1995 H
564 1960 574 1979 ¹
596 1963 600 2001 1
624 1964 644 1994 8
671 1960 871 2004 exemplum
896 1959 1115 2003 descriptum
1140 1968 1184 1993 ea:
1204 1960 1238 2000 1,
1252 1960 1287 2001 5,
1302 1959 1348 1991 14
1370 1957 1377 2001 Ι
1399 1960 1419 1991 9
1446 1954 1533 1991 Cor-

175 2008 276 2043 nelio
303 2006 416 2042 Cosso
443 2006 587 2042 consuli
613 2007 634 2042 l.
663 2007 685 2041 l.
721 2008 727 2051 1
762 2006 912 2042 consule
939 2006 976 2041 P
1000 2007 1004 2050 Ι
1041 2009 1082 2040 11
1111 2004 1203 2040 duce
1229 2003 1275 2039 H
1301 2006 1307 2047 1
1341 2007 1384 2038 12
1411 2003 1532 2039 diuer-

178 2066 257 2090 sam
283 2054 329 2090 H
338 2054 349 2073 ¹
383 2058 387 2095 Ι
431 2058 475 2088 14
503 2055 645 2089 eluctus
672 2053 719 2088 H
745 2057 830 2089 ante
854 2064 945 2089 corr.
971 2053 1170 2088 frustratus
1195 2052 1219 2087 l.
1245 2051 1267 2086 l.
1300 2054 1306 2095 1
1348 2053 1391 2086 15
1418 2049 1533 2085 comi—

177 2103 276 2138 libus
302 2101 348 2137 H
382 2105 467 2136 ante
501 2112 593 2137 corr.
628 2102 633 2146 1
675 2104 718 2136 16
751 2101 951 2145 exemplum
988 2100 1207 2144 descriptum
1244 2109 1288 2133 ex
1314 2101 1353 2141 1,
1374 2100 1415 2142 5,
1437 2100 1484 2134 15
1522 2096 1531 2143 1

176 2149 322 2185 alatilio
348 2148 394 2184 H
412 2150 417 2192 Ι
451 2146 663 2184 οόᾗῑ.”ζὲΗ
684 2148 813 2183 consul
840 2148 877 2182 P
903 2150 908 2193 Ι
941 2147 972 2182 18
999 2146 1103 2182 cuius
1127 2147 1150 2182 l.
1171 2146 1194 2180 l.
1224 2147 1230 2189 Ι
1266 2149 1308 2181 17
1334 2145 1534 2180 traduntur
1600 2182 1604 2190 ¹

175 2197 328 2232 nomina
353 2195 419 2231 alii
443 2195 617 2230 betarum
644 2194 887 2240 nonnullique
914 2194 1106 2231 caedicum
1133 2192 1233 2238 (cedi
1258 2202 1342 2227 cum
1361 2192 1411 2237 P)
1429 2190 1539 2227 GhP

175 2244 383 2280 traduntur.
417 2242 484 2278 alii
515 2241 844 2323 minasqpaedicum
873 2245 966 2286 (una
991 2242 1059 2277 litt.
1087 2241 1207 2285 erasa)
1229 2239 1299 2284 H1,
1325 2250 1417 2276 corr.
1438 2239 1463 2275 d
1486 2248 1533 2274 ex

176 2292 198 2327 l.
214 2292 236 2328 l.
260 2292 265 2335 1
290 2295 334 2326 18
349 2289 615 2336 Calphurnium
683 2291 687 2334 Ι
711 2294 756 2324 20
771 2289 895 2325 omnia
908 2300 1003 2334 quae
1017 2287 1208 2334 superiora
1227 2288 1334 2322 erant
1351 2285 1469 2323 hostis
1482 2284 1532 2351 dl

176 2343 220 2374 ‘21
244 2349 327 2374 .ccc.
353 2337 387 2372 G
409 2340 414 2383 ἱ
436 2341 480 2372 22
504 2348 592 2382 quas
616 2336 677 2382 ΡΙ
700 2340 744 2371 23
766 2337 930 2372 decurrit
947 2337 970 2372 h
991 2338 997 2382 Ι
1019 2337 1057 2371 et
1075 2335 1122 2370 ad
1143 2335 1164 2371 l.
1186 2335 1207 2370 l.
1231 2333 1237 2379 Ι
1259 2337 1304 2369 25
1325 2333 1389 2380 ad]
1411 2334 1450 2368 et
1467 2331 1513 2367 H
