1612 2488
514 115 663 154 LIBER
686 117 715 153 1.
753 117 856 154 CAP.
883 121 986 154 6-8.
1368 117 1425 160 25

169 227 210 269 6.
241 224 449 282 Spartaco
475 225 693 281 copiisque
718 226 810 268 eius
836 229 960 268 scuta
984 240 1035 268 ex
1060 226 1221 268 uimine
1240 225 1427 282 fuerunt,

81 299 190 342 quae
220 285 348 328 coriis
378 285 649 340 tegebantur.

170 345 229 397 [7.
258 343 359 387 Non
384 343 568 395 alienus,
591 345 641 385 ut
666 343 866 394 arbitror,
889 343 959 386 hic
985 344 1105 386 locus
1130 347 1197 386 est
1214 344 1427 387 referendi

80 402 246 445 factum
276 402 511 444 Alexandri
541 401 788 445 Macedonis
818 402 925 445 illud
955 403 1121 458 nobile,
1152 403 1227 459 qui
1256 418 1335 458 per
1359 403 1427 446 de-

70 467 198 504 ·serta
228 460 402 504 Africae
431 461 586 503 itinera
616 461 875 517 grauissima
904 462 978 504 siti
1010 477 1107 505 cum
1138 463 1326 505 exercitu
1357 463 1427 505 ad-

79 520 217 563 fectus
249 520 442 563 oblatam
473 520 556 562 sibi
587 534 613 562 a
642 520 779 563 milite
810 522 857 563 in
888 521 1014 577 galea
1044 535 1200 576 aquam
1232 523 1427 576 spectan-

80 579 199 621 tibus
235 578 465 628 uniuersis,
485 578 653 635 effudit,
687 580 839 622 utilior
875 580 1072 635 exemplo
1102 581 1428 635 temperantiae,

82 652 210 694 quam
240 638 279 680 si
308 638 625 681 communicare
655 639 900 694 potuisset]

315 776 417 813 vm.
452 776 517 811 DE
542 776 918 813 DISTRINGENDIS
942 777 1191 815 HOSTIBVS.

172 862 211 904 1.
251 859 525 916 Coriolanus,
562 875 659 904 cum
689 862 972 918 ignominiam
1002 863 1295 906 damnationis
1327 877 1428 906 suae

81 919 197 962 bello
227 919 523 975 ulcisceretur,
557 921 883 976 populationem
912 922 1193 977 patriciorum
1225 935 1429 977 agrorum

81 977 283 1033 inhibuit,
309 978 471 1021 deustis
496 979 766 1035 uastatisque
791 980 1071 1035 plebeiorum,
1095 983 1145 1023 ut
1169 981 1428 1024 discordiam

82 1040 295 1091 moueret,
324 1051 411 1092 qua
441 1052 673 1081 consensus
703 1038 999 1082 Romanorum
1030 1040 1318 1096 distringeret.

171 1095 211 1138 2.
246 1094 470 1138 Hannibal
501 1095 700 1151 Fabium,
736 1098 806 1140 cui
836 1112 972 1154 neque
1003 1099 1163 1141 uirtute
1195 1113 1334 1155 neque
1365 1114 1429 1141 ar·

80 1154 198 1197 tibus
228 1154 419 1197 bellandi
447 1170 528 1210 par
558 1159 668 1211 erat,
699 1160 748 1199 ut
778 1157 959 1200 infamia
983 1157 1280 1213 distringeret,
1312 1159 1427 1214 agris

82 1212 174 1256 eius
205 1213 434 1268 abstinuit,
465 1218 630 1257 ceteros
660 1216 906 1271 populatus.
966 1219 1114 1259 contra
1143 1217 1235 1270 ille,
1276 1231 1331 1259 ne
1363 1232 1429 1260 su-

83 1274 231 1326 specta
266 1272 432 1314 ciuibus
468 1273 575 1316 fides
613 1278 743 1329 esset,
783 1275 1080 1331 magnitudine
1112 1276 1246 1318 animi
1277 1276 1429 1328 effecit,

82 1330 316 1385 publicatis
346 1332 692 1386 possessionibus
724 1334 825 1375 suis.

171 1389 213 1433 3.
250 1388 412 1432 Fabius
442 1389 658 1433 Maximus
690 1392 840 1447 quinto
872 1393 1039 1448 consul,
1076 1407 1173 1435 cum
1204 1392 1430 1436 Gallorum

84 1449 129 1489 et
152 1446 437 1503 Umbrorum,
471 1449 772 1506 Etruscorum,
810 1450 1069 1494 Samnitium
1109 1452 1317 1495 aduersus
1353 1467 1428 1509 po-

82 1506 234 1561 pulum
270 1506 513 1551 Romanum
550 1510 759 1552 exercitus
797 1510 1000 1565 coissent,
1043 1514 1196 1554 contra
1239 1526 1347 1566 quos
1385 1515 1428 1554 et

82 1565 176 1620 ipse
206 1569 327 1608 trans
351 1565 659 1621 Appenninum
684 1569 730 1610 in
755 1568 1036 1624 <Sentin>ate
1067 1573 1209 1612 castra
1239 1585 1430 1613 commu-

53 1671 58 1674 ,
83 1623 250 1678 niebat,
287 1625 463 1680 scripsit
491 1625 647 1669 Fuluio
679 1630 723 1669 et
752 1628 994 1680 Postumio,
1030 1629 1105 1683 qui
1134 1630 1180 1671 in
1211 1629 1429 1683 praesidio

83 1681 182 1723 urbi
212 1685 353 1737 erant,
384 1684 531 1738 copias
563 1685 617 1726 ad
647 1684 843 1728 Clusium
873 1690 1110 1729 mouerent.
1170 1688 1324 1742 quibus
1357 1688 1429 1729 ad·

86 1740 243 1782 secutis
284 1740 337 1782 ad
375 1756 454 1784 sua
490 1742 754 1786 defendenda
788 1744 966 1787 Etrusci
1001 1744 1242 1801 Umbrique
1280 1746 1429 1788 deuer—

182 1837 199 1868 1
227 1831 410 1879 spartago
424 1833 470 1869 H
486 1835 492 1879 1
515 1838 535 1869 3
560 1835 759 1880 exemplum
783 1836 962 1871 alienum.-
986 1838 1033 1880 cf.
1050 1837 1171 1881 praef.
1189 1837 1217 1884 ,ξ
1234 1840 1257 1874 9
1278 1837 1283 1882 Ι
1305 1841 1328 1872 4
1347 1842 1431 1874 ante

84 1879 180 1915 Mac.
205 1883 276 1916 tres
305 1881 380 1923 fere
404 1882 472 1916 litt.
499 1892 624 1917 erasae
648 1882 694 1917 H
723 1885 728 1925 Ι
769 1887 790 1917 5
814 1882 951 1918 itinera
980 1885 1064 1919 eicit
1086 1884 1207 1919 Barth
1249 1884 1430 1920 itinerans

84 1927 144 1962 uel
165 1925 299 1962 itinere
323 1929 499 1973 temptaui
519 1929 526 1974 1
548 1933 569 1964 6
594 1940 617 1964 a
641 1940 708 1964 om.
722 1929 769 1964 H
785 1932 791 1974 1
814 1933 834 1964 7
859 1929 1009 1966 utiliore
1027 1932 1053 1966 d
1073 1933 1079 1976 Ι
1101 1935 1122 1966 8
1148 1942 1179 1966 c.
1204 1932 1387 1968 uoluisset
1405 1934 1431 1969 d

86 1973 400 2010 communicatum
423 1976 594 2020 potasset
618 1975 696 2012 Scr.
734 1986 764 2010 c·
790 1978 922 2021 potum
945 1977 1116 2013 iussisset
1139 1979 1275 2014 Hartel

181 2024 226 2056 10
252 2019 358 2056 Corio
383 2021 491 2058 lanus
509 2022 563 2066 H,
587 2023 648 2058 sed
661 2024 770 2068 prior
789 2034 810 2058 o
835 2024 878 2059 in
898 2035 971 2060 ras.
990 2026 1015 2060 h
1035 2028 1041 2069 Ι
1065 2030 1108 2060 12
1132 2026 1326 2070 uastisque
1350 2027 1430 2072 ple·

85 2066 229 2102 biorum
254 2068 301 2103 H
317 2068 323 2114 Ι
355 2072 399 2103 13
425 2068 708 2115 distringeretur
731 2071 810 2106 edd.
838 2073 844 2115 Ι
876 2075 919 2107 15
945 2072 1202 2118 destringeret.
1228 2074 1254 2108 d
1282 2076 1287 2118 Ι
1320 2077 1366 2108 20
1391 2076 1430 2109 et

85 2114 152 2149 del.
178 2115 255 2150 edd.
278 2115 284 2161 Ι
306 2116 345 2150 et
368 2115 573 2151 Tuscorum
593 2116 890 2162 Samnitiumque
914 2119 940 2154 d
960 2122 966 2162 Ι
999 2123 1044 2155 22
1070 2119 1429 2165 appenninuminate

86 2160 132 2195 H
136 2160 183 2204 P,
202 2172 265 2197 em.
283 2161 376 2198 Oua.
401 2174 446 2198 ex
470 2163 556 2199 Liu.
577 2166 637 2207 10,
654 2166 705 2200 27
729 2164 966 2210 Apenninum
983 2170 1150 2202 montem
1169 2167 1248 2203 edd.
1271 2168 1277 2213 Ι
1298 2171 1343 2202 23
1362 2167 1429 2202 fla-

86 2207 149 2242 uio
173 2208 233 2243 H²
254 2209 260 2253 Ι
280 2208 320 2244 in
345 2209 435 2246 delet
458 2210 551 2246 Ded.
574 2213 580 2253 Ι
613 2214 660 2246 24
683 2210 786 2246 urbis
805 2212 831 2247 d
851 2214 857 2258 j
878 2213 926 2248 ad
950 2213 1116 2249 Clusium
1144 2214 1247 2249 Mod.
1274 2225 1319 2249 ex
1342 2214 1429 2249 Liu.

88 2257 146 2297 10,
164 2257 215 2291 27
249 2255 429 2291 adsicium
454 2257 500 2292 H
532 2257 709 2293 adsitium
736 2258 774 2292 P
808 2259 856 2294 ad
878 2259 1041 2295 Asisium
1068 2261 1181 2296 Tenn.
1204 2262 1210 2305 Ι
1243 2260 1430 2296 obsecutis

85 2302 144 2336 uel
167 2301 207 2336 id
232 2303 367 2338 secutis
393 2302 485 2339 Oud.
519 2305 526 2348 Ι
564 2308 610 2340 25
636 2304 746 2340 defen
771 2305 895 2342 denda
918 2307 978 2351 H,
1013 2309 1074 2343 sed
1099 2308 1208 2343 defen
1233 2308 1275 2343 in
1298 2318 1372 2343 ras.
1398 2311 1430 2343 et

88 2347 160 2384 den
183 2359 227 2384 ex
252 2349 324 2385 dan
348 2350 372 2384 h
398 2351 404 2394 1
434 2350 704 2387 descenderunt
727 2353 752 2387 d

1454 875 1499 908 10

1456 1170 1498 1201 15

1455 1465 1500 1496 20

1455 1757 1499 1789 25
