1612 2488
184 98 270 140 142
450 99 550 135 IULI
574 99 813 136 FRONTINI
839 99 1270 139 STRATEGEMATON

181 222 225 250 se
257 207 386 250 iussit
419 208 542 264 eique
574 208 815 263 excusauit,
847 210 962 277 quod
993 210 1159 253 inuidia
1189 211 1536 255 commilitonum

179 267 363 309 uirtutes
402 267 521 309 illius
561 267 616 309 ad
652 267 698 309 id
737 270 908 324 tempus
939 268 1205 325 ignorasset.
1247 273 1341 313 tum
1372 271 1538 315 donato

179 326 219 368 ei
252 341 359 381 equo
392 326 618 381 pecuniam
650 327 827 382 insuper
859 327 1042 383 largitus
1075 329 1283 384 obtinuit,
1313 331 1375 385 ut,
1405 345 1534 386 quem

180 400 230 427 ex
262 385 526 428 conscientia
557 386 774 441 trepidum
807 388 1073 443 arcessierat,
1105 388 1268 432 laetum
1297 388 1537 432 dimitteret

131 456 151 487 5
179 447 221 486 et
253 459 304 487 ex
336 445 507 488 dubio
495 460 539 487 1n
564 446 778 500 reliquum
802 461 890 488 non
915 447 1057 490 minus
1088 447 1259 490 fidelem
1290 463 1422 504 quam
1451 449 1537 492 for·

176 507 264 545 tem
297 504 478 546 haberet
508 505 709 560 equitem.

267 564 338 607 37.
376 563 618 619 Philippus,
650 579 747 606 cum
773 564 966 607 audisset
990 565 1181 621 Pythian
1211 566 1426 621 quendam
1457 567 1537 610 bo-

175 636 281 664 num
313 626 602 679 pugnatorem
635 624 874 666 alienatum
905 624 1007 679 sibi,
1044 625 1159 681 quod
1195 627 1285 667 tres
1322 626 1436 668 filias
1466 627 1531 668 in-

177 696 255 736 ops
300 682 372 723 uix
416 682 552 724 aleret
595 697 672 725 nec
710 698 735 724 a
772 696 872 738 rege
916 683 1216 739 adiuuaretur,
1255 685 1533 727 monentibus

107 753 150 784 10
177 741 446 796 quibusdam,
476 741 543 783 uti
568 756 664 783 eum
690 745 873 798 caueret,
905 742 1053 797 ‘quid‘e
1075 743 1140 798 si',
1170 744 1324 799 inquit,
1349 743 1534 799 ‘partem

177 814 354 856 aegram
399 800 592 855 corporis
636 801 864 856 haberem,
908 802 1172 845 absciderem
1216 803 1362 858 potius
1403 817 1534 858 quam

176 859 415 902 curarem?'
446 860 599 902 deinde
620 860 893 902 familiariter
919 864 1084 904 secreto
1110 862 1304 904 elicitum
1329 861 1534 917 Pythian,

176 921 354 974 accepta
386 918 639 962 difficultate
670 921 996 962 necessitatium
1028 921 1376 977 domesticarum,
1406 935 1534 977 pecu-

174 978 248 1020 nia
279 978 486 1020 instruxit
519 993 567 1021 ac
599 979 823 1021 meliorem
852 980 1174 1036 fidelioremque
1205 981 1372 1036 habuit,
1401 995 1534 1037 quam

103 1049 146 1080 15
172 1037 386 1079 habuerat
416 1040 649 1092 antequam
681 1039 926 1081 offenderet.

262 1097 331 1139 38.
375 1096 424 1138 T.
450 1096 651 1146 Quintius
677 1097 899 1153 Crispinus
924 1101 1028 1154 post
1057 1098 1295 1141 infaustam
1325 1099 1530 1141 aduersus

172 1155 342 1198 Poenos
374 1156 707 1209 dimicationem,
739 1171 824 1212 qua
855 1157 1068 1212 collegam
1091 1157 1346 1200 Marcellum
1377 1159 1531 1200 amise-

172 1219 260 1269 rat,
292 1229 389 1257 eum
422 1216 704 1270 comperisset
734 1216 921 1270 potitum
955 1217 1084 1258 anulo
1115 1216 1336 1259 interfecti
1366 1216 1531 1258 Hanni-

171 1273 334 1327 balem,
371 1274 543 1316 litteras
575 1275 687 1316 circa
719 1275 956 1330 municipia
996 1276 1133 1318 totius
1163 1274 1317 1318 Italiae
1349 1275 1529 1328 dimisit,

101 1344 146 1377 20
172 1347 226 1375 ne
259 1333 480 1376 crederent
506 1333 716 1389 epistulis,
749 1334 786 1376 si
819 1349 928 1390 quae
946 1334 1140 1377 Marcelli
1171 1335 1302 1377 anulo
1333 1335 1530 1391 signatae

171 1392 484 1448 perferrentur:
516 1394 756 1436 monitione
787 1396 1042 1436 consecutus
1075 1396 1159 1448 est,
1199 1396 1249 1436 ut
1278 1392 1454 1449 Salapia
1485 1397 1530 1436 et

172 1452 283 1494 aliae
315 1452 442 1494 urbes
474 1452 637 1494 frustra
667 1452 928 1495 Hannibalis
961 1453 1073 1495 dolis
1105 1455 1432 1508 temptarentur.

260 1511 330 1553 39.
373 1511 480 1553 Post
518 1510 787 1553 Cannensem
825 1513 992 1554 cladem
1028 1512 1238 1567 perculsis
1274 1512 1340 1554 ita
1369 1511 1526 1554 Roma-

168 1584 324 1612 norum
351 1570 520 1624 animis,
551 1573 600 1612 ut
617 1585 719 1625 pars
746 1584 907 1626 magna
931 1570 1215 1626 reliquiarum
1238 1570 1525 1613 nobilissimis

99 1639 143 1671 25
171 1628 419 1671 auctoribus
452 1628 712 1671 deserendae
743 1629 896 1672 Italiae
927 1630 1060 1671 iniret
1091 1629 1331 1684 consilium,
1360 1629 1408 1672 P.
1436 1627 1524 1672 Sci·

168 1688 240 1743 pio
280 1688 529 1730 adulescens
568 1688 798 1730 admodum
837 1689 1002 1743 impetu
1038 1688 1155 1731 facto
1193 1689 1236 1730 in
1271 1702 1321 1730 eo
1352 1688 1449 1743 ipso
1479 1688 1525 1730 in

169 1761 252 1802 quo
278 1747 383 1788 talia
410 1747 689 1803 agitabantur
721 1750 846 1790 coetu
877 1748 1175 1803 pronuntiauit
1205 1762 1337 1790 manu
1368 1762 1414 1790 se
1445 1761 1524 1790 sua

265 1880 282 1910 1
311 1887 467 1920 eumque
490 1876 514 1911 h
538 1876 580 1911 in
604 1887 739 1911 rasura
762 1878 766 1920 Ι
795 1880 815 1911 3
843 1876 954 1923 equo]
981 1876 1089 1911 edum
1109 1875 1245 1921 H¹14
1270 1886 1315 1911 ex
1339 1885 1405 1912 om.
1426 1875 1486 1910 H¹

167 1923 388 1958 arcessierat
417 1922 451 1958 G
494 1923 712 1959 arcersierat
730 1923 793 1958 H¹
801 1923 839 1958 P
878 1923 1100 1959 accersierat
1123 1923 1147 1958 h
1185 1876 1251 1967 1¹5
1275 1921 1374 1968 reliq
1375 1926 1421 1958 u6
1451 1921 1486 1958 G

168 1974 187 2004 7
213 1969 373 2015 pythian
394 1970 481 2005 GH
501 1970 578 2015 phy
581 1969 660 2006 tiau
689 1971 720 2006 0
745 1970 879 2015 pitiam
902 1971 939 2004 P
967 1971 1139 2016 Pythean
1163 1969 1265 2006 Scali
1263 1973 1352 2016 μανι
1383 1973 1404 2004 8
1430 1969 1522 2005 alie·

166 2019 254 2052 nato
269 2016 360 2059 ΡΙ
349 2028 438 2062 1nop
443 2029 457 2050 s
477 2019 500 2052 h
526 2018 633 2052 inobs
649 2018 746 2053 GH¹
759 2018 794 2052 P
814 2017 818 2064 Ι
842 2022 862 2053 9
888 2018 1032 2053 ualeret
1046 2017 1079 2053 G
1101 2019 1107 2062 Ι
1130 2021 1172 2051 11
1193 2017 1447 2052 abscinderem
1466 2018 1491 2053 d
1512 2016 1519 2064 Ι

168 2068 210 2099 12
243 2065 396 2108 fortasse
414 2029 519 2098 pdein
552 2065 598 2099 de
634 2064 780 2100 familia
819 2067 962 2100 secreto
992 2066 997 2108 Ι
1032 2066 1174 2100 secreto
1211 2064 1326 2100 delere
1363 2065 1520 2100 malebat

165 2112 322 2156 Lipsius
341 2113 379 2147 et
398 2113 553 2149 secreto
560 2113 585 2146 d
606 2114 610 2156 Ι
633 2112 792 2157 phytian
813 2112 844 2147 Ο
859 2111 1031 2158 pythiam
1052 2111 1138 2147 GH
1153 2110 1286 2156 pitiam
1305 2111 1342 2146 P
1359 2113 1364 2156 Ι
1388 2115 1431 2146 15
1450 2111 1516 2147 ha-

166 2160 273 2194 berat
299 2159 359 2194 Η1
381 2161 385 2203 Ι
414 2158 620 2194 offenderet
645 2171 689 2194 ex
714 2159 918 2195 offenderat
943 2159 989 2194 H
1012 2162 1016 2202 Ι
1050 2162 1092 2194 17
1119 2170 1194 2203 qua
1218 2159 1244 2194 d
1268 2169 1340 2202 quo
1367 2157 1496 2194 GHP

166 2207 276 2242 uerba
311 2206 495 2260 collegam
527 2226 571 2231 —
604 2207 715 2242 anulo
751 2218 817 2242 om.
850 2207 908 2242 H¹
943 2209 947 2252 Ι
988 2209 1033 2242 20
1065 2205 1167 2242 anuli
1197 2204 1418 2260 obsignatae
1449 2205 1488 2241 P

165 2257 208 2288 21
236 2253 442 2289 munitione
467 2253 513 2289 H
537 2254 542 2297 ἱ
570 2253 627 2288 est
651 2265 718 2289 om.
745 2256 769 2290 d
797 2256 801 2298 Ι
831 2258 874 2289 23
901 2252 1082 2299 perculsit
1106 2252 1152 2288 H
1175 2254 1181 2298 Ι
1214 2256 1260 2287 24
1286 2251 1422 2288 animis
1444 2252 1479 2288 G

165 2301 350 2382 αοῃίῗῖῌῑ
376 2301 456 2336 anis
476 2302 499 2336 h
521 2301 526 2347 Ι
554 2304 599 2336 25
625 2300 738 2336 iniret
761 2301 870 2337 GP'
860 2313 939 2337 mre
956 2301 1016 2336 H¹
1041 2300 1133 2336 inire
1153 2300 1176 2335 h
1198 2301 1203 2345 Ι
1230 2298 1384 2345 publius
1401 2299 1516 2346 ΗΡΙ

165 2352 209 2383 ε’6
237 2359 257 2383 a
287 2348 363 2384 oles
349 2359 451 2384 cens
477 2349 499 2383 Ῑι
