1612 2488
83 741 127 773 10

84 1038 127 1070 15

85 1335 130 1367 20

85 1630 130 1662 25

156 86 240 129 102
428 86 528 122 IULI
553 85 791 124 FRON'RINI
817 85 1250 124 STRATEGEMATON

155 196 352 239 sufficere
377 198 723 251 propugnatores
743 210 963 238 murorum
988 198 1214 252 poterant:
1235 196 1287 238 ad
1315 196 1360 238 id
1384 197 1513 250 latus,

154 271 180 298 a
218 270 302 311 quo
343 255 435 298 solo
468 270 513 297 se
544 255 750 311 temptari
782 256 1012 310 putabant,
1045 255 1201 310 (cum)
1233 256 1512 312 confluerent,

159 330 245 370 qua
275 329 364 357 non
398 314 703 368 obsistebatur,
734 329 881 356 muros
913 315 1193 357 transcendit.

245 375 282 416 7.
328 374 629 428 Thrasybulus
657 374 743 416 dux
768 373 1051 426 Milesiorum,
1082 377 1131 416 ut
1161 378 1336 429 portum
1369 373 1513 430 Sicyo-

153 434 324 476 niorum
345 436 587 488 occuparet,
620 448 645 475 a
665 436 781 475 terra
807 433 989 476 subinde
1016 433 1255 488 oppidanos
1281 434 1514 488 temptauit

155 496 199 535 et
229 493 324 546 illo,
368 507 453 548 quo
486 493 831 548 lacessebantur,
871 493 1091 536 conuersis
1129 492 1330 538 hostibus
1375 493 1512 536 classe

153 552 510 608 in<ex>spectata
542 555 714 607 portum
746 552 871 608 cepit.

244 613 283 655 8.
327 611 556 667 Philippus
588 612 633 653 in
660 611 882 654 obsidione
915 611 1137 654 cuiusdam
1168 611 1412 653 maritimae
1443 625 1513 653 ur-

153 671 222 713 bis
253 672 379 713 binas
405 686 537 713 naues
564 672 713 726 procul
735 686 760 713 a
780 673 1013 726 conspectu
1033 671 1335 713 contabulauit
1366 685 1513 726 super-

155 730 398 786 struxitque
436 731 495 772 eis
533 733 694 772 turres:
727 730 824 773 aliis
862 730 1016 772 deinde
1053 730 1246 772 turribus
1278 730 1455 772 adortus
1488 744 1514 772 a

152 792 289 845 terra,
340 790 439 831 dum
486 790 605 832 urbis
649 791 996 844 propugnatores
1046 789 1286 844 distringit,
1331 789 1512 831 turritas

153 864 287 892 naues
321 864 347 891 a
379 850 489 891 mari
522 849 730 903 adplicuit
763 853 818 902 et,
850 863 936 905 qua
967 863 1055 891 non
1085 849 1382 904 resistebatur,
1413 849 1512 890 sub-

154 909 206 950 iit
236 923 394 951 muros.

244 968 282 1010 9.
326 968 512 1010 Pericles
538 967 955 1022 Peloponnesiorum
981 967 1205 1009 castellum
1238 968 1514 1022 oppugnatu-

153 1042 238 1081 rus,
269 1028 314 1069 in
341 1027 454 1082 quod
482 1027 566 1069 duo
588 1028 764 1069 omnino
791 1028 917 1069 erant
942 1041 1151 1082 accessus,
1183 1026 1368 1068 alterum
1393 1025 1513 1068 fossa

155 1087 418 1140 interclusit,
449 1087 635 1128 alterum
667 1086 835 1128 munire
868 1086 1070 1128 instituit.
1134 1085 1360 1128 castellani
1392 1099 1510 1127 secu-

154 1146 290 1188 riores
323 1147 377 1188 ab
410 1146 550 1188 altera
580 1148 703 1200 parte
733 1145 840 1188 facti
871 1159 965 1187 eam
998 1144 1158 1199 solam,
1189 1159 1320 1199 quam
1351 1144 1513 1186 muniri

153 1206 373 1260 uidebant,
399 1204 615 1247 custodire
636 1207 884 1259 coeperunt:
911 1203 1096 1246 Pericles
1116 1203 1389 1258 praeparatis
1408 1217 1512 1258 pon·

152 1265 268 1306 tibus
313 1264 567 1320 iniectisque
617 1279 745 1319 super
784 1264 968 1318 fossam,
1010 1278 1094 1318 qua
1133 1277 1222 1305 non
1265 1262 1512 1318 canebatur,

157 1324 292 1366 subiit
324 1324 567 1366 castellum.

247 1384 315 1426 10.
353 1383 598 1425 Antiochus
625 1382 831 1424 aduersus
858 1382 1072 1436 Ephesios
1103 1380 1299 1435 Rhodiis,
1328 1394 1436 1436 quos
1466 1380 1512 1422 in

156 1443 315 1484 auxilio
336 1442 539 1497 habebat,
565 1442 795 1496 praecepit,
821 1444 870 1483 ut
894 1444 1020 1483 nocte
1039 1443 1214 1495 portum
1235 1454 1332 1481 cum
1353 1453 1511 1494 magno

156 1502 341 1556 strepitu
366 1501 637 1542 inuaderent:
670 1500 722 1542 ad
743 1515 871 1555 quam
896 1503 1067 1554 partem
1092 1499 1210 1541 omni
1236 1498 1510 1540 multitudine

155 1575 253 1602 cum
302 1560 493 1602 tumultu
538 1560 806 1614 decurrente,
849 1559 1023 1601 nudatis
1066 1558 1290 1600 defensore
1332 1557 1509 1612 reliquis

156 1619 482 1674 munitionibus,
514 1619 607 1675 ipse
634 1633 659 1660 a
685 1618 855 1661 diuerso
882 1618 1110 1674 adgressus
1136 1617 1356 1660 ciuitatem
1384 1616 1511 1671 cepit.

252 1776 270 1807 1
299 1772 467 1808 sufficere
493 1773 530 1807 P
563 1772 709 1807 efficere
735 1771 779 1805 H
804 1772 808 1815 Ι
842 1771 1140 1816 propugnatores
1165 1770 1190 1805 d
1221 1767 1512 1815 propugnationi

154 1819 250 1862 (ioni
268 1820 310 1855 in
329 1831 403 1855 ras.
417 1820 456 1863 h)
471 1819 557 1855 ΗΡ
574 1823 579 1862 Ι
600 1820 753 1862 fortasse
765 1816 888 1866 (sed)
908 1818 955 1852 ad
977 1820 982 1863 Ι
1005 1822 1025 1852 2
1040 1827 1123 1852 cum
1138 1815 1368 1852 confluerent
1380 1816 1406 1852 d
1425 1826 1511 1851 con-

155 1866 313 1902 fluerent
337 1868 407 1902 hP
441 1867 624 1902 confluere
643 1866 690 1901 H
693 1867 701 1885 ¹
725 1866 730 1912 Ι
757 1865 882 1907 iussit3
908 1864 976 1912 <et
1001 1875 1086 1900 cum
1115 1862 1209 1912 qui>
1234 1863 1403 1899 sufficere
1422 1873 1511 1908 -pro-

154 1913 568 2004 {ugffitmite-cossssm?
595 1911 1511 1996 2⁰?3355832zat2183013u{usgagssssssssa⁶H¹erssssib21

154 1973 240 2043 rgta
259 2010 283 2043 d
304 1973 377 2053 'alno
405 2007 458 2043 eis
479 1989 525 2043 Η
546 2009 624 2044 eius
647 2008 684 2042 P
704 2009 709 2053 Ι
735 1972 775 2042 lli
803 2007 891 2042 dum
916 1987 1019 2041 urbis
1036 1970 1120 2042 nosp
1122 2003 1295 2040 domibus
1314 2003 1401 2039 ΗΡ
1423 1969 1510 2039 <iiim

155 2055 210 2091 ibi
235 2055 428 2091 Rubenius
454 2055 540 2089 dum
567 2055 643 2090 illis
667 2055 726 2090 uel
750 2055 839 2089 dum
864 2054 1058 2089 moenibus
1086 2053 1178 2088 Oud.
1202 2054 1207 2096 Ι
1241 2051 1413 2096 distringi
1433 2051 1480 2087 H

157 2107 202 2138 12
227 2115 250 2138 a
274 2113 452 2147 superscr.
467 2102 513 2137 H
532 2104 535 2142 Ι
562 2106 604 2136 14
629 2103 746 2138 simile
770 2102 969 2145 eoeemplum
988 2105 1023 2144 1,
1039 2103 1074 2144 5,
1089 2103 1153 2136 10.-
1178 2099 1223 2143 cf'.
1245 2099 1366 2144 praef.
1386 2099 1413 2145 ἕ
1431 2102 1480 2135 10

156 2151 490 2195 peloponnesorum
502 2150 548 2184 H
551 2146 596 2191 P,
622 2161 684 2185 em.
703 2150 794 2185 Oud.
818 2151 823 2194 1
848 2152 890 2183 16
911 2148 1106 2184 castellum
1120 2146 1166 2182 H
1183 2148 1188 2190 Ι
1219 2150 1261 2182 17
1282 2146 1426 2182 munire
1440 2146 1485 2182 H

158 2202 204 2233 24
230 2209 315 2233 cum
341 2209 408 2233 om.
433 2196 478 2231 H
496 2199 500 2241 l
523 2200 568 2231 25
595 2208 617 2231 a
643 2196 790 2232 diuerso
817 2197 894 2232 edd.
922 2196 1079 2231 aduerso
1099 2194 1184 2229 ΗΡ
