1612 2488
518 97 663 134 LIBER
685 97 749 135 IV.
799 97 902 134 CAP.
929 101 963 135 7.
1333 97 1419 139 143

70 206 413 261 interfecturum,
442 206 529 249 nisi
559 206 633 262 qui
657 205 842 248 iurasset
871 219 960 249 non
991 219 1084 248 esse
1114 205 1197 247 sibi
1228 208 1418 248 mentem

71 265 367 308 destituendae
391 264 456 307 rei
477 265 695 320 publicae:
727 278 907 320 cumque
932 265 1025 320 ipse
1052 278 1098 307 se
1122 264 1289 320 primus
1320 264 1418 307 reli-

69 325 197 381 gione
232 324 316 366 tali
354 323 613 380 obligasset,
657 324 808 366 stricto
848 323 995 379 gladio
1033 326 1218 366 mortem
1259 323 1335 365 uni
1366 337 1418 365 ex

67 383 276 440 proximis
305 382 511 437 minatus,
548 382 634 424 nisi
670 382 882 437 acciperet
921 384 1257 435 sacramentum,
1294 382 1419 424 illum

68 444 206 493 metu,
236 443 403 484 ceteros
433 442 566 484 etiam
596 441 793 497 exemplo
825 441 968 498 coegit
998 441 1054 483 ad
1082 441 1323 483 iurandum.

158 501 228 544 40.
270 500 528 545 Volscorum
571 502 714 542 castra
753 514 851 542 cum
889 514 1024 555 prope
1056 515 1082 542 a
1112 500 1317 556 uirgultis
1349 500 1420 542 sil-

68 573 207 615 uaque
235 559 381 615 posita
410 561 564 613 essent,
594 557 804 602 Camillus
830 573 881 601 ea
910 559 1070 614 omnia,
1101 573 1211 615 quae
1242 573 1418 614 concep-

68 622 163 661 tum
193 617 339 674 ignem
368 632 502 673 usque
533 618 579 659 in
609 618 771 660 uallum
801 618 991 674 perferre
1022 620 1243 673 poterant,
1273 618 1418 660 incen-

70 677 134 719 dit
165 679 210 720 et
239 677 302 719 sic
332 677 603 719 aduersarios
634 677 752 718 exuit
783 677 948 719 castris.

157 737 227 778 41.
268 735 316 778 Ρ.
356 733 536 778 Crassus
579 735 692 778 bello
734 736 885 778 sociali
925 735 1074 778 eodem
1115 735 1243 778 modo
1283 750 1417 791 prope

70 809 169 838 cum
198 793 334 850 copiis
365 794 564 838 omnibus
594 794 857 850 interceptus
890 797 966 837 est.

157 853 227 896 42.
271 853 322 904 Q.
352 852 553 896 Metellus
583 854 629 895 in
659 852 874 909 Hispania
903 855 1047 896 castra
1076 854 1287 907 moturus,
1319 867 1417 895 cum

67 913 114 954 in
139 913 311 968 agmine
330 912 490 955 milites
509 912 788 967 <conti>nere
806 912 954 966 uellet,
977 912 1279 966 pronuntiauit
1303 925 1417 954 com-

67 971 233 1027 perisse
271 985 316 1013 se
346 971 527 1013 insidias
566 971 620 1013 ab
657 971 855 1013 hostibus
886 971 1138 1027 dispositas;
1173 970 1331 1013 idcireo
1362 985 1416 1011 ne

70 1029 338 1072 discederent
367 1045 394 1072 a
424 1030 562 1086 signis
592 1044 701 1072 neue
733 1043 890 1086 agmen
920 1030 1134 1072 laxarent:
1172 1029 1286 1085 quod
1318 1044 1416 1072 cum

71 1088 294 1142 [solueret]
332 1103 383 1131 ex
422 1089 652 1143 disciplina
691 1089 884 1144 fecisset,
922 1091 1126 1144 exceptus
1157 1087 1271 1131 forte
1300 1088 1415 1131 ueris

69 1147 258 1203 insidiis,
289 1147 390 1202 quia
419 1148 708 1203 praedixerat,
738 1148 961 1190 interritos
993 1148 1154 1190 milites
1185 1147 1350 1190 habuit.

81 1294 83 1296 ,
163 1267 183 1298 1
207 1263 282 1298 nisi
298 1274 366 1299 om.
385 1263 421 1299 G
446 1264 453 1308 Ι
486 1267 508 1299 6
531 1264 627 1299 idem
650 1265 851 1308 exemplum
872 1266 911 1307 2,
928 1266 965 1306 4,
984 1266 1031 1299 15
1058 1265 1063 1306 Ι
1090 1273 1207 1309 prope
1230 1263 1416 1308 uirgultas

68 1309 278 1354 siluamque
295 1311 321 1346 d
342 1312 348 1355 Ι
369 1314 390 1345 9
417 1310 507 1344 exiit
525 1310 587 1345 H¹
609 1313 615 1354 1
638 1314 682 1345 10
707 1312 801 1346 idem
822 1312 1022 1356 exemplum
1040 1315 1079 1354 2,
1091 1313 1126 1353 4,
1140 1314 1188 1346 16
1209 1312 1215 1355 Ι
1238 1314 1281 1345 11
1301 1310 1416 1345 inter-

67 1357 189 1392 fectus
205 1357 251 1392 H
267 1358 274 1400 Ι
297 1360 340 1391 12
359 1355 542 1402 Hispania
561 1357 646 1392 ΗΡ
666 1357 775 1392 italia
794 1357 828 1393 G
849 1359 855 1402 Ι
878 1361 923 1392 13
947 1358 1061 1393 uerba
1085 1357 1275 1392 continere
1299 1357 1417 1392 uellet

67 1422 115 1431 —
138 1403 280 1439 milites
303 1403 438 1439 habuit
466 1405 603 1440 codices
633 1405 873 1450 editionesque
897 1405 1055 1450 exemplo
1078 1407 1124 1447 2,
1143 1407 1209 1447 12,
1229 1408 1256 1440 2
1281 1404 1415 1439 adium-

66 1454 176 1497 91mt:
200 1451 287 1486 huie
309 1461 353 1486 ea
370 1451 527 1496 exemplo
545 1452 704 1487 restituit
722 1451 895 1494 Hedicke,
920 1452 965 1496 cf.
982 1452 1100 1497 praef.
1114 1450 1142 1497 §
1154 1454 1175 1486 1
1198 1453 1204 1496 Ι
1226 1450 1415 1486 continere

67 1497 185 1533 uellet
207 1508 274 1533 nos
296 1508 383 1533 nere
407 1498 550 1533 uellent
574 1498 663 1534 GH
686 1497 808 1533 redire
833 1499 978 1535 uellent
1000 1498 1039 1533 P
1066 1499 1192 1534 tenere
1216 1497 1334 1533 uellet
1358 1497 1413 1533 M.

66 1544 181 1580 Hertz
200 1544 369 1588 (Hermes
386 1548 422 1591 6,
435 1548 525 1590 384)
548 1545 602 1581 ire
620 1545 765 1581 nollent
784 1545 915 1582 Theoti.
930 1546 1133 1582 Mommsen
1154 1548 1160 1589 1
1183 1549 1227 1580 16
1253 1545 1417 1580 solueret

71 1590 160 1626 GH
186 1592 328 1626 soluere
354 1592 407 1626 P.-
437 1593 532 1636 quod
556 1603 637 1628 eum
660 1593 832 1637 glossema
856 1593 967 1629 uerbo
990 1593 1162 1628 laxarent
1185 1593 1414 1637 adscriptum

52 1638 252 1681 uideatur,
283 1638 401 1673 delens·
432 1639 552 1673 solum
576 1640 602 1674 d
633 1639 783 1675 sollerte
811 1639 904 1675 Oud.
938 1639 1111 1675 sollemni
1136 1639 1246 1674 Goetz
1273 1642 1279 1682 1
1313 1638 1414 1682 quod

69 1695 164 1727 eum,
182 1694 230 1718 ne
249 1684 455 1719 solueretur
470 1684 681 1730 disciplina,
699 1685 850 1721 fecisset
862 1687 956 1722 Ded.
979 1688 985 1730 Ι
1008 1690 1051 1721 17
1066 1685 1131 1731 qui
1143 1685 1203 1720 H¹
1224 1688 1230 1731 1
1251 1685 1415 1730 πονηρὼ

67 1733 224 1774 43—45,
241 1742 332 1777 quae
350 1731 392 1766 in
405 1732 595 1776 prioribus
612 1733 833 1768 editionibus
850 1733 1102 1778 sequebantur,
1121 1733 1170 1767 ad
1188 1736 1228 1776 2,
1241 1736 1278 1774 9,
1291 1735 1414 1767 8—10

67 1778 215 1813 reduxit
239 1777 416 1813 Hedicke:
452 1779 497 1822 ef.
523 1779 645 1823 praef.
670 1779 699 1825 ,ξ
723 1783 743 1814 1
775 1783 780 1820 Ι
814 1781 1032 1824 subscriptio
1062 1781 1105 1815 in
1130 1779 1162 1814 G
1189 1780 1286 1814 deest
1314 1778 1414 1813 IULI

67 1823 207 1866 (IULII
222 1825 301 1869 hP)
318 1824 552 1860 FRONTINI
569 1825 755 1861 STRATE
774 1825 1010 1862 GEMATON
1027 1826 1173 1861 LIBER
1190 1824 1413 1869 QUARTUS

70 1870 163 1915 (1111
187 1871 245 1916 H)
271 1871 495 1907 EXPLICIT
523 1872 608 1908 GH
614 1872 652 1907 P

1443 750 1488 781 10

1443 1043 1486 1074 15
