1612 2488
506 89 654 126 LIBER
678 91 704 126 Ι.
745 90 846 126 CAP.
875 94 979 126 1—2.
1392 91 1418 132 9

74 198 217 241 studio
242 199 288 241 in
313 198 549 240 amicitiam
574 198 663 240 eius
688 199 930 253 peruenire:
962 212 1047 255 qua
1071 198 1109 240 is
1133 199 1299 254 potitus
1325 213 1421 241 con-

75 257 173 300 silia
203 258 293 299 eius
323 260 429 299 nota
459 257 626 300 ciuibus
658 257 748 299 suis
778 257 977 300 faciebat.

159 316 200 358 4.
230 316 351 358 Idem
376 315 758 371 Carthaginienses
784 316 1006 371 miserunt,
1034 316 1109 371 qui
1132 331 1210 372 per
1234 317 1420 371 speciem

71 375 315 431 legatorum
352 375 485 430 longo
520 377 714 430 tempore
749 375 912 417 Romae
949 378 1219 418 morarentur
1255 375 1420 431 excipe-

71 436 251 488 rentque
283 434 464 476 consilia
492 436 753 476 nostrorum.
1445 445 1465 475 5

130 492 170 535 5.
206 491 263 534 M.
295 490 403 549 Cato
434 493 479 534 in
510 492 741 547 Hispania,
783 494 882 547 quia
920 493 974 535 ad
1011 493 1203 536 hostium
1236 494 1419 536 consilia

73 551 160 593 alia
184 550 256 592 uia
279 551 503 606 peruenire
521 566 610 594 non
634 555 848 607 potuerat,
874 551 1001 594 iussit
1018 555 1236 594 trecentos
1256 553 1416 594 milites

72 610 201 652 simul
224 610 433 664 impetum
457 610 597 652 facere
621 610 668 652 in
691 611 926 653 stationem
950 611 1143 653 hostium
1161 614 1418 666 raptumque

71 683 203 710 unum
229 683 279 710 ex
304 668 373 711 his
398 670 444 710 in
469 671 612 711 castra
642 670 832 724 perferre
863 670 1140 712 incolumem:
1172 673 1315 713 tortus
1346 671 1418 712 ille

72 727 217 769 omnia
248 742 423 769 suorum
455 742 611 770 arcana
642 729 864 771 confessus
896 732 975 771 est.
1446 739 1490 770 10

162 786 201 828 6.
238 785 283 828 O.
313 785 479 828 Marius
517 787 668 829 consul
706 788 821 829 bello
854 786 1070 830 Cimbrico
1108 791 1152 829 et
1182 787 1418 830 Teutonico

72 845 127 886 ad
152 845 447 886 excutiendam
469 845 690 887 Gallorum
711 848 754 886 et
771 845 979 901 Ligurum
1003 846 1133 888 fidem
1158 846 1328 888 litteras
1356 847 1418 888 eis

71 903 210 956 misit,
247 917 425 958 quarum
458 918 559 957 pars
591 904 709 958 prior
745 905 1058 959 praecipiebat,
1093 919 1148 947 ne
1180 905 1420 959 interiores,

72 975 181 1015 quae
205 962 509 1016 praesignatae
535 965 671 1016 erant,
697 965 795 1004 ante
822 967 986 1005 certum
1007 966 1181 1017 tempus
1202 964 1419 1018 aperiren-

69 1022 158 1061 tur:
189 1020 360 1062 easdem
389 1023 542 1075 postea
570 1023 669 1062 ante
693 1022 999 1076 praestitutum
1025 1022 1138 1063 diem
1161 1023 1337 1077 repetiit
1362 1026 1416 1077 et,
1446 1032 1490 1063 15

70 1079 171 1133 quia
206 1078 453 1134 resignatas
486 1082 756 1134 reppererat,
791 1081 1006 1123 intellexit
1034 1081 1213 1123 hostilia
1244 1082 1415 1137 agitari.

160 1136 260 1191 [Est
302 1140 346 1179 et
388 1137 503 1180 aliud
547 1139 799 1193 explorandi
843 1153 998 1194 genus,
1043 1154 1128 1194 quo
1166 1140 1251 1195 ipsi
1290 1141 1416 1183 duces

68 1195 188 1238 nullo
219 1196 483 1239 extrinsecus
516 1197 727 1240 adiutorio
758 1213 836 1253 per
869 1213 913 1240 se
944 1198 1193 1254 prouident‚
1226 1199 1354 1252 sicut]

161 1255 198 1297 7.
229 1254 438 1297 Aemilius
463 1256 624 1298 Paulus
650 1257 814 1311 consul,
843 1257 960 1299 bello
986 1257 1172 1299 Etrusco
1204 1258 1318 1312 apud
1345 1272 1415 1313 op-

68 1312 217 1368 pidum
237 1312 518 1356 Vetuloniam
546 1315 809 1357 demissurus
836 1317 1071 1358 exercitum
1101 1316 1148 1358 in
1179 1317 1416 1372 planitiem,
1443 1327 1488 1358 20

70 1371 385 1426 contemplatus
439 1374 589 1427 procul
644 1374 789 1416 auium
844 1375 1163 1417 multitudinem
1217 1376 1416 1417 citatiore

69 1431 220 1472 uolatu
257 1445 308 1472 ex
345 1431 457 1473 silua
494 1433 828 1487 consurrexisse,
871 1433 1085 1476 intellexit
1123 1434 1288 1489 aliquid
1325 1434 1417 1476 illic

68 1488 323 1531 insidiarum
364 1490 519 1542 latere,
563 1491 676 1546 quod
719 1493 763 1533 et
805 1492 1006 1535 turbatae
1047 1507 1149 1534 aues
1192 1495 1235 1534 et
1272 1493 1415 1548 plures

71 1547 199 1589 simul
242 1548 530 1591 euolauerant.
590 1551 839 1604 praemissis
883 1551 1018 1606 igitur
1068 1552 1414 1606 exploratoribus

70 1606 297 1660 comperit,
327 1607 474 1649 decem
504 1608 625 1650 milia
650 1609 858 1651 Boiorum
889 1610 1139 1664 excipiendo
1171 1611 1232 1652 ibi
1260 1611 1415 1652 Roma-
1442 1620 1485 1651 25

29 1670 34 1673 '
69 1677 223 1705 norum
255 1665 418 1718 agmini
447 1666 674 1721 inminere,
705 1682 839 1722 eaque
872 1668 957 1710 alio
983 1683 1113 1723 quam
1139 1670 1415 1723 exspectaba-

70 1724 142 1763 tur
170 1722 306 1764 latere
338 1723 482 1765 missis
512 1725 754 1779 legionibus
787 1726 1071 1769 circumfudit.

159 1780 198 1823 8.
229 1779 438 1823 Similiter
463 1781 716 1825 Tisamenus
743 1783 907 1826 Orestis
938 1785 1071 1839 filius,
1103 1799 1200 1827 cum
1226 1785 1415 1828 audisset

164 1899 185 1931 3
216 1897 415 1941 exemplum
439 1901 641 1942 suspectum
666 1898 772 1933 habet
802 1898 1056 1945 Wachsmuth;
1087 1901 1133 1944 ef.
1155 1901 1275 1945 praef.
1301 1901 1329 1947 §
1353 1905 1376 1937 9
1406 1902 1410 1947 Ι

70 1942 370 1988 carthaginenses
389 1944 474 1979 ΗΡ
492 1947 498 1988 Ι
520 1948 540 1979 9
565 1945 777 1980 incolimem
798 1946 856 1980 Ηι
887 1946 1057 1983 incolom.
1077 1948 1101 1983 h
1123 1949 1127 1991 Ι
1148 1947 1213 1982 ille
1239 1959 1306 1984 om.
1320 1949 1378 1983 Ηι
1406 1949 1410 1996 Ι

71 1992 115 2023 12
141 1990 180 2024 et
203 1989 283 2035 Lig.
303 2008 348 2016 —·
368 2001 454 2036 pars
479 2002 546 2027 om.
565 1992 624 2026 Η1
658 1995 663 2035 1
699 1996 742 2027 13
767 1992 884 2039 prior]
917 1994 1084 2039 superior
1107 1995 1242 2030 Παντεῖ
1267 1998 1273 2039 Ι
1306 2007 1413 2041 prae-

70 2037 220 2081 ceperat
237 2037 283 2071 H
299 2039 305 2081 Ι
328 2041 373 2072 14
398 2038 565 2083 signatae
584 2039 610 2074 d
630 2041 635 2083 Ι
660 2043 704 2074 15
728 2040 991 2084 praestitutam
1011 2041 1070 2088 ΡΙ
1094 2045 1138 2076 16
1164 2042 1329 2087 signatas
1343 2043 1388 2077 H
1405 2045 1409 2091 ἱ

71 2085 114 2118 17
139 2082 210 2118 Est
226 2103 271 2108 —
292 2083 389 2119 sicut
411 2086 535 2120 aliena
559 2095 630 2121 esse
654 2087 752 2121 uidit
773 2086 887 2131 Oud.,·
910 2089 955 2131 cf.
970 2089 1091 2133 praef.
1116 2088 1144 2134 5
1163 2092 1186 2124 9
1208 2091 1214 2133 Ι
1247 2093 1291 2124 19
1316 2089 1413 2125 Pau-

69 2127 144 2174 lus]
169 2129 292 2175 Papus
317 2130 449 2174 (ἤθη,
479 2133 526 2176 cf.
545 2133 666 2177 praef.
686 2132 713 2179 5
734 2136 779 2168 11
802 2137 807 2174 Ι
841 2137 887 2169 20
911 2135 1152 2170 Vetuloniam
1176 2146 1243 2171 nos
1267 2137 1329 2171 uel
1354 2148 1413 2173 co-

68 2174 210 2210 loniam
228 2177 274 2211 H
299 2177 484 2213 coloniam
505 2179 543 2213 P
570 2178 773 2215 Telamona
795 2180 906 2216 Gron.
933 2183 1011 2217 coll.
1039 2182 1119 2218 Poz.
1145 2185 1181 2225 2,
1201 2186 1253 2218 27
1289 2182 1413 2228 Popu-

69 2221 207 2257 loniam
229 2223 322 2259 Oud.
348 2224 547 2260 Cortonam
569 2225 759 2262 Cluverius
783 2228 860 2263 coll.
883 2228 963 2264 Pol.
983 2232 1020 2272 3,
1039 2233 1091 2265 82
1114 2231 1120 2272 1
1151 2229 1290 2264 dimise.
1310 2231 1380 2265 hP
1406 2232 1409 2277 f

71 2271 115 2303 25
142 2271 186 2304 i.
209 2269 316 2305 milis.
341 2271 378 2305 P
403 2274 408 2315 Ι
441 2272 495 2307 ibi
519 2283 586 2308 om.
605 2273 663 2308 Η1
696 2276 701 2318 Ι
736 2277 781 2309 26
806 2275 933 2320 agmin
953 2276 1011 2310 Ηι
1044 2277 1050 2322 Ι
1083 2280 1128 2311 28
1153 2275 1352 2312 tiamemus
1371 2278 1419 2313 H

69 2315 256 2351 tiamenus
281 2317 328 2360 P,
352 2328 443 2355 corr.
466 2320 492 2355 d
