1612 2488
530 80 677 117 LIBER
699 79 745 118 IL
781 79 886 119 CAP.
910 83 1015 117 5—6.
1398 79 1454 122 73
1501 120 1506 125 .

192 189 234 233 4.
264 188 498 244 Hannibal,
523 203 620 232 cum
646 189 700 231 ad
719 188 1062 231 Trasumennum
1086 188 1244 231 inclusi
1268 187 1456 231 Romani

108 249 315 291 acerrime
332 250 590 305 pugnarent,
613 247 798 290 diductis
818 247 1040 291 ordinibus
1059 247 1165 290 fecit
1184 248 1245 290 eis
1266 247 1454 290 abeundi

105 309 366 363 potestatem
396 310 629 362 euntesque
657 307 749 349 sine
775 321 951 349 suorum
982 306 1195 361 sanguine
1226 307 1394 350 strauit,

192 365 232 412 5.
275 367 523 422 Antigonus
554 380 630 408 rex
659 365 942 408 Macedonum
972 365 1164 418 Aetolis,
1195 366 1269 421 qui
1299 365 1347 408 in
1378 365 1453 408 ob-

104 423 314 467 sidionem
354 425 408 467 ab
450 439 501 468 eo
544 425 755 480 compulsi
797 424 912 467 fame
954 424 1250 480 urguebantur
1294 427 1453 466 statue-

104 488 286 539 rantque
316 484 542 538 emptione
577 484 694 527 facta
724 484 952 538 commori,
994 483 1110 525 uiam
1147 483 1278 539 fugae
1314 483 1452 530 dedit:

105 544 232 598 atque
279 543 343 585 ita
384 541 569 585 infracto
608 542 774 597 impetu
811 557 959 585 eorum
1007 542 1229 585 insecutus
1276 556 1454 585 auersos

105 600 273 644 cecidit.

195 660 233 702 6.
283 660 515 715 Agesilaus
558 659 920 702 Lacedaemonius
965 659 1171 702 aduersus
1212 659 1456 716 Thebanos,

105 733 202 763 cum
246 719 336 761 acie
378 719 629 774 confligeret
669 718 1036 774 intellexissetque
1074 719 1222 761 hostes
1259 720 1455 762 locorum

107 776 359 821 condicione
390 778 558 820 clausos
590 778 645 820 ob
672 778 1017 832 desperationem
1047 777 1205 820 fortius
1235 778 1454 833 dimicare,

105 836 264 879 laxatis
296 851 472 879 suorum
502 836 725 879 ordinibus
757 840 990 891 apertaque
1022 836 1239 879 Thebanis
1272 837 1326 879 ad
1358 851 1455 879 eua-

105 894 290 938 dendum
331 896 421 950 uia,
462 910 611 938 rursus
653 896 699 937 in
742 895 939 937 abeuntis
981 895 1199 938 contraxit
1236 896 1372 938 aciem
1412 899 1456 939 et

106 954 199 996 sine
229 954 398 996 iactura
428 968 602 996 suorum
634 954 787 996 cecidit
816 968 1004 996 auersos.

196 1013 234 1054 7.
265 1011 340 1055 Cn.
358 1012 545 1055 Manlius
572 1013 739 1067 consul,
769 1027 865 1055 011111
898 1028 949 1055 ex
974 1013 1065 1055 acie
1096 1027 1294 1056 reuersus
1326 1016 1454 1068 capta

106 1071 161 1113 ab
198 1070 394 1114 Etruscis
432 1071 729 1115 Romanorum
766 1074 909 1114 castra
949 1072 1207 1126 inuenisset,
1252 1073 1453 1115 omnibus

104 1130 243 1184 portis
286 1130 476 1173 statione
519 1130 793 1173 circumdatis
841 1131 1030 1173 inclusos
1079 1131 1227 1173 hostes
1270 1131 1314 1173 in
1359 1146 1454 1174 eam

104 1188 271 1231 rabiem
313 1189 531 1243 efferauit,
573 1192 622 1231 ut
664 1189 758 1244 ipse
802 1189 848 1231 in
891 1190 1056 1244 proelio
1101 1190 1295 1232 caderet:
1335 1191 1454 1246 quod

104 1246 212 1300 (ut)
237 1247 630 1290 animaduerterunt
654 1249 790 1303 legati
814 1248 919 1303 eius,
943 1249 997 1290 ab
1023 1264 1110 1291 una
1134 1252 1262 1303 porta
1286 1253 1455 1292 remota

106 1306 295 1348 statione
326 1308 488 1349 exitum
511 1306 707 1349 Etruscis
733 1307 943 1348 dederunt
967 1311 1011 1349 et
1036 1307 1196 1349 effusos
1226 1309 1453 1363 persecuti,

106 1367 354 1407 occurrente
385 1366 519 1408 altero
550 1366 726 1408 consule
758 1364 914 1420 Fabio,
945 1366 1201 1409 ceciderunt.

195 1424 234 1466 8.
266 1423 577 1466 Themistocles
601 1425 717 1466 uicto
741 1424 881 1466 Xerxe
912 1425 1108 1466 uolentae
1140 1439 1241 1467 suos
1271 1428 1453 1481 pontem

104 1496 303 1537 rumpere
345 1482 587 1537 prohibuit,
630 1497 728 1525 cum
771 1483 989 1525 docuisset
1030 1484 1173 1538 aptius
1217 1498 1311 1526 esse
1355 1499 1454 1527 eum

105 1541 263 1595 expelli
291 1541 487 1597 Europa,
524 1556 653 1596 quam
691 1542 790 1598 cogi
826 1556 878 1583 ex
914 1541 1217 1597 desperatione
1248 1557 1454 1598 pugnare.

105 1598 220 1641 idem
258 1599 378 1641 misit
407 1600 461 1641 ad
494 1614 613 1654 eum,
656 1601 729 1655 qui
771 1601 1001 1655 indicaret,
1044 1601 1089 1642 in
1133 1616 1218 1656 quo
1261 1602 1452 1656 periculo

48 1665 54 1668 ’
107 1659 239 1710 esset,
268 1658 354 1699 nisi
384 1657 534 1712 fugam
566 1661 817 1700 maturaret.

196 1716 235 1758 9.
278 1715 467 1770 Pyrrhus
497 1716 776 1771 Epirotarum
806 1731 898 1771 rex,
929 1731 1024 1759 cum
1057 1718 1272 1771 quandam
1303 1719 1453 1760 ciuita-

104 1777 194 1816 tem
236 1775 420 1829 cepisset
457 1775 699 1830 clausisque
742 1775 879 1829 portis
917 1790 968 1817 ex
1005 1776 1159 1818 ultima
1195 1777 1452 1820 necessitate

202 1894 220 1924 1
247 1893 523 1934 trasymennum
555 1890 596 1925 Η
631 1889 900 1925 trasimennum
925 1890 963 1925 P
984 1891 991 1934 Ι
1019 1891 1157 1927 inclusi
1180 1893 1349 1937 germani
1375 1894 1453 1937 (sed

105 1935 137 1971 si
161 1947 227 1981 ger
250 1937 273 1972 11
297 1938 340 1971 in
363 1940 455 1981 ras.)
478 1937 570 1980 ΗΡ,
596 1948 659 1974 em.
679 1937 784 1972 Stew.
819 1941 823 1979 ι
852 1941 872 1972 2
900 1936 1045 1973 diducti
1069 1938 1128 1973 Ηι
1161 1943 1166 1983 Ι
1200 1944 1222 1975 3
1247 1941 1452 1986 euntesque

105 1982 173 2018 11Ρ
187 1994 258 2027 que
276 1983 360 2019 11¹.—
383 1985 507 2019 malim
532 1984 786 2028 abeuntesque
808 1987 813 2023 Ι
836 1983 915 2019 sine
933 1995 1083 2020 suorum
1105 1986 1130 2020 11
1153 1988 1195 2021 in
1218 1998 1291 2024 rae.
1314 1991 1320 2029 Ι
1340 1991 1364 2022 4
1377 1987 1452 2022 An-

104 2029 254 2075 tigonus
278 2030 331 2072 H,
354 2031 416 2066 sed
439 2030 528 2075 igon
552 2031 594 2066 in
618 2041 691 2066 ras.
709 2031 734 2065 11
755 2033 760 2074 l
793 2031 953 2077 Aetolis]
980 2034 1018 2067 et
1041 2032 1143 2067 horis
1168 2033 1228 2077 ΡΙ
1259 2038 1280 2069 5
1313 2036 1452 2069 statue-

106 2077 315 2120 rentqueH
336 2081 342 2119 Ι
365 2082 408 2112 11
434 2077 658 2112 dimicarent
682 2078 727 2112 H
747 2082 832 2113 ante
860 2089 933 2115 ras.
956 2081 963 2123 Ι
986 2082 1029 2114 12
1049 2079 1196 2116 laxatus
1222 2081 1280 2115 Η1
1302 2081 1308 2126 Ι
1332 2085 1374 2116 13
1394 2082 1453 2115 111-

107 2122 326 2158 abeuntibus
355 2124 401 2158 H
418 2127 424 2169 Ι
448 2128 492 2159 15
519 2123 693 2159 manilius
719 2124 764 2159 H
767 2125 810 2169 P,
835 2135 927 2161 corr.
952 2126 1030 2162 edd.
1054 2129 1059 2170 Ι
1085 2131 1127 2162 16
1151 2138 1386 2162 romanorum
1411 2128 1458 2162 H

107 2173 192 2204 ante
220 2180 293 2205 ras.
317 2181 473 2206 romana
494 2172 578 2207 1⁸1².-
607 2172 727 2206 nescio
750 2183 802 2207 an
826 2172 985 2208 alienum
1007 2174 1072 2218 sit,
1104 2174 1150 2217 cf.
1171 2174 1292 2218 praef.
1317 2174 1346 2220 5
1369 2177 1416 2210 13
1444 2175 1449 2220 1

110 2219 152 2250 19
178 2217 221 2251 ut
245 2217 329 2252 add.
354 2218 433 2253 edd.
455 2219 462 2262 Ι
483 2218 822 2254 animaduertentes
845 2219 871 2254 d
909 2222 915 2262 Ι
952 2221 1064 2265 porta
1090 2220 1182 2256 Oud.
1207 2222 1313 2265 parte
1341 2221 1427 2256 ΗΡ

106 2262 242 2298 remoti
259 2263 305 2298 H
321 2266 327 2307 Ι
348 2267 393 2298 23
419 2265 563 2300 cautius
590 2265 683 2300 Oud.
715 2265 718 2304 ξ
745 2275 830 2300 eum
855 2277 939 2301 eum
963 2267 1008 2302 H
1043 2270 1048 2311 1
1086 2271 1133 2302 24
1158 2278 1203 2302 ex
1226 2266 1376 2313 Europa
1394 2268 1420 2303 d

106 2313 151 2345 26
177 2312 401 2346 maturasset
418 2311 477 2356 ΡΙ
506 2316 550 2347 27
575 2312 710 2357 Pyrrus
729 2311 774 2346 H
780 2311 818 2346 P
1446 2310 1448 2314 ’

1482 732 1527 763 10

1482 1025 1526 1057 15

1479 1320 1526 1352 20

1479 1614 1524 1645 25
