1612 2488
217 66 304 108 114
483 67 582 103 IULI
607 68 839 109 FRONTINI
865 68 1309 107 STRATEGEMATON.

215 176 329 218 stitit
349 176 410 218 eis
431 177 719 231 suspicionem
739 179 989 222 metuentis.
1049 179 1170 221 cuius
1197 180 1418 235 augendae
1439 195 1569 225 causa

213 235 442 291 perfugam
480 236 620 292 misit,
657 237 731 291 qui
770 237 1020 280 adfirmaret
1059 238 1292 281 exercitum
1322 238 1568 283 Romanum

212 294 259 336 in
291 294 596 349 desperatione
616 310 711 337 esse
737 310 786 338 ac
812 296 862 338 de
893 297 1000 353 fuga
1025 298 1228 353 cogitare.
1289 298 1463 341 barbari
1495 300 1567 342 ob-

212 353 305 395 lata
336 354 544 396 uictoriae
564 369 638 409 spe
658 355 865 397 concitati
896 356 1027 411 lignis
1047 356 1364 412 sarmentisque
1390 372 1436 400 se
1467 373 1567 401 one-

163 424 185 456 5
210 416 435 467 rauerunt,
468 413 623 469 quibus
655 414 796 457 fossas
829 415 1116 471 complerent,
1155 415 1406 472 ingentique
1438 431 1566 460 eursu

212 474 356 514 castra
387 476 540 515 nostra
570 473 614 515 in
647 473 756 516 colle
792 475 935 529 posita
966 475 1234 529 petiuerunt:
1272 476 1383 518 unde
1413 476 1460 518 in
1491 491 1566 519 eos

211 530 406 574 Titurius
437 533 664 574 uniuersas
695 533 863 575 inmisit
893 534 1041 588 copias
1074 534 1308 589 multisque
1339 533 1566 579 Gallorum

211 591 347 633 caesis
379 591 588 646 plurimos
619 592 666 634 in
696 592 958 634 deditionem
989 593 1166 648 accepit.

301 651 339 692 8.
359 651 580 703 Asculani,
593 651 958 707 oppugnatur<o>
972 652 1177 707 oppidum
1184 651 1453 708 Pompei<o>
1467 667 1566 696 cum

139 720 183 753 10
207 722 368 763 paucos
395 724 517 752 senes
545 709 646 764 (et)
673 724 826 766 aegros
858 711 903 752 in
935 712 1070 753 muris
1102 711 1410 767 ostendissent,
1440 713 1496 755 ob
1521 713 1566 755 id

210 782 382 811 securos
410 768 630 811 Romanos
663 771 888 824 eruptione
919 771 1037 812 facta
1067 770 1340 826 fugauerunt.

297 827 336 870 9.
380 827 642 870 Numantini
685 828 852 871 obsessi
896 844 950 871 ne
997 843 1078 884 pro.
1118 830 1234 872 uallo
1287 829 1458 885 quidem
1502 830 1564 873 in·

208 888 457 929 struxerunt
489 888 624 930 aciem
657 889 848 944 adeoque
881 903 926 930 se
958 888 1283 942 continuerunt,
1314 892 1363 931 ut
1391 889 1562 945 Popilio

205 945 391 988 Laenati
421 946 579 990 fiducia
608 946 732 989 fieret
765 947 892 990 scalis
916 947 1123 1003 oppidum
1143 947 1445 1003 adgrediendi:
1477 963 1562 1004 quo

137 1016 180 1049 15
208 1004 359 1047 deinde
399 1007 646 1061 suspicante
684 1006 885 1058 insidias,
923 1007 1024 1061 quia
1054 1021 1109 1049 ne
1147 1010 1252 1050 tunc
1283 1006 1455 1062 quidem
1486 1008 1563 1050 ob-

207 1064 455 1120 sistebatur,
487 1080 537 1107 ac
569 1080 670 1108 suos
702 1068 947 1120 reuocante,
979 1066 1207 1121 eruptione
1239 1066 1354 1108 facta
1386 1081 1562 1110 auersos

205 1125 250 1165 et
280 1124 575 1167 descendentis
608 1124 751 1167 adorti
783 1128 895 1166 sunt.

420 1240 551 1276 XVIII.
587 1240 651 1275 DE
678 1239 989 1276 CONSTANTIA
1014 1239 1346 1277 OBSESSORUM.

296 1313 332 1354 1.
376 1313 581 1368 Romani,
613 1313 834 1356 adsidente
866 1314 1092 1356 moenibus
1122 1313 1386 1368 Hannibale,
1417 1317 1559 1358 osten-

132 1383 177 1415 20
203 1371 361 1414 tandae
393 1372 573 1415 fiduciae
600 1373 743 1428 gratia
769 1372 1118 1427 supplementum
1151 1373 1422 1429 exercitibus,
1453 1388 1559 1429 quos

202 1430 247 1472 in
279 1431 495 1487 Hispania
525 1432 764 1487 habebant,
796 1431 967 1473 diuersa
998 1434 1128 1488 porta
1159 1432 1380 1474 miserunt.

291 1490 331 1531 2.
374 1490 494 1532 Idem
527 1505 697 1547 agrum,
736 1491 781 1532 in
813 1505 896 1545 quo
929 1495 1072 1532 castra
1103 1489 1326 1532 Hannibal
1356 1490 1559 1547 habebat,

201 1548 403 1591 defuncto
435 1549 547 1591 forte
574 1550 749 1592 domino
774 1549 974 1592 uenalem
1007 1549 1060 1590 ad
1092 1549 1135 1590 id
1165 1548 1356 1604 pretium
1387 1549 1556 1593 licendo

199 1607 508 1662 perduxerunt,
541 1623 625 1664 quo
658 1609 694 1650 is
727 1622 831 1664 ager
863 1611 963 1650 ante
994 1608 1155 1650 bellum
1187 1608 1396 1650 uenierat.

129 1678 173 1709 25
289 1667 328 1709 3.
360 1666 492 1722 Idem,
524 1667 679 1722 (cum)
707 1667 761 1710 ab
788 1667 1032 1709 Hannibale
1063 1667 1365 1710 obsiderentur
1396 1669 1440 1709 et
1469 1667 1555 1723 ipsi

200 1726 445 1768 obsiderent
478 1726 685 1781 Capuam,
718 1726 1016 1779 decreuerunt,
1048 1741 1101 1768 ne
1134 1726 1220 1768 nisi
1251 1729 1380 1781 capta
1410 1740 1461 1768 ea
1491 1741 1556 1768 re-

199 1788 428 1827 uocaretur
459 1786 557 1828 inde
590 1786 813 1828 exercitus.

297 1905 315 1935 1
343 1902 511 1946 agendae
537 1902 579 1937 H
599 1903 605 1947 Ι
639 1906 661 1937 4
687 1904 915 1937 ornauerunt
938 1901 998 1937 H¹
1019 1903 1026 1946 Ι
1061 1906 1079 1936 7
1105 1900 1254 1936 titurios
1276 1900 1335 1935 Η1
1357 1900 1363 1947 Ι
1394 1904 1416 1936 8
1441 1901 1555 1946 pluri—

199 1959 301 1982 mum
330 1947 367 1981 P
398 1949 403 1993 Ι
439 1952 459 1983 9
486 1948 906 1995 oppugnaturoppidum
932 1949 978 1983 H
1004 1946 1273 1994 oppugnaturis
1299 1947 1480 1993 oppidum
1508 1949 1556 1992 P,

198 2005 261 2030 em.
277 1995 355 2030 edd.
379 1997 383 2039 Ι
406 1994 587 2041 Pompeio
601 1997 679 2032 edd.
706 1996 857 2041 pompei
871 1996 973 2031 H¹P
994 1995 1195 2042 pompeiih
1215 1997 1222 2040 Ι
1244 1996 1283 2030 et
1301 1995 1384 2031 add.
1401 1995 1555 2040 Lipsius

201 2041 206 2088 Ι
230 2046 272 2077 12
286 2041 349 2088 ne]
371 2041 449 2077 sine
462 2043 509 2077 H
526 2047 530 2085 l
555 2047 598 2078 15
618 2044 681 2090 ne]
698 2054 767 2078 nec
780 2043 826 2079 H
845 2054 1022 2088 superscr.
1035 2043 1140 2079 habet
1161 2045 1166 2087 Ι
1190 2045 1232 2077 17
1249 2041 1517 2078 descendentes
1530 2043 1555 2078 h

294 2093 339 2125 20
364 2089 514 2135 graciae
540 2091 587 2125 H
608 2096 692 2126 ante
715 2102 789 2126 ras.
851 2095 897 2126 24
921 2091 980 2125 his
1006 2093 1182 2136 agerente
1206 2089 1253 2124 H
1275 2091 1280 2133 Ι
1313 2093 1357 2124 25
1382 2089 1488 2125 Idem
1512 2089 1559 2124 H

198 2136 247 2171 Hi
272 2136 361 2172 dum
388 2136 450 2182 Pl
473 2148 557 2172 cum
582 2139 752 2183 ‘suppleui
774 2139 779 2182 Ι
845 2136 873 2182 ’,
900 2138 987 2173 dum
1012 2138 1059 2173 ab
1085 2136 1295 2172 Hannibale
1322 2136 1552 2182 obsidentur,

196 2186 235 2219 et
264 2184 340 2229 ipsi
373 2184 600 2220 obsederunt
631 2184 798 2230 Capuam
829 2185 1146 2229 decreueruntque
1181 2184 1272 2219 Oud.
1299 2195 1344 2219 ex
1374 2185 1400 2220 d
1432 2185 1438 2230 Ι
1470 2183 1552 2229 ipse

195 2231 242 2266 H
244 2231 254 2251 ¹
277 2234 282 2276 1
316 2235 361 2267 26
389 2231 649 2267 obsiderentur
672 2231 715 2267 H
738 2237 824 2268 ante
848 2243 921 2268 ras.
950 2235 955 2278 Ι
988 2232 1110 2268 nenisi
1134 2231 1193 2275 H,
1224 2232 1286 2267 sed
1309 2230 1349 2265 ni
1372 2241 1550 2277 super-scr.
