1612 2488
512 87 660 125 LIBER
682 87 729 123 Π.
767 87 870 124 CAP.
898 91 1048 124 11—13.
1402 87 1460 130 85

199 198 240 242 2.
271 195 319 248 Q.
339 195 555 240 Sertorius
586 197 632 239 in
661 195 872 253 Hispania
902 196 1096 239 hostium
1126 196 1339 252 equitatui
1369 211 1460 240 ma-

110 257 224 300 xime
265 257 410 312 inpar,
453 256 538 312 qui⁸
570 269 706 311 usque
750 255 804 297 ad
853 256 972 311 ipsas
1015 256 1279 299 munitiones
1322 256 1460 299 nimia

27 336 31 346 1
108 315 267 358 fiducia
303 314 574 370 succedebat,
609 317 735 357 nocte
774 314 948 357 scrobes
981 315 1150 370 aperuit
1180 317 1224 357 et
1255 317 1355 358 ante
1386 329 1461 358 eos

111 374 250 418 aciem
286 373 454 416 direxit.
514 387 610 416 cum
649 373 801 416 deinde
839 373 1049 416 turmales
1092 373 1325 417 secundum
1364 388 1461 417 con-

112 432 382 476 suetudinem
407 432 702 488 aduentarent,
725 432 889 488 recepit
913 433 1067 475 aciem:
1090 433 1304 488 persecuti
1326 433 1462 476 aciem
1487 443 1510 475 5

113 492 160 534 in
190 491 330 535 fossas
361 491 610 534 deciderunt
641 493 686 534 et
715 505 765 533 eo
798 490 926 534 modo
957 491 1064 534 uicti
1095 494 1207 535 sunt.

201 550 241 594 3.
271 548 435 594 Chares
466 550 552 593 dux
574 550 928 605 Atheniensium,
959 565 1056 593 cum
1087 553 1358 606 exspectaret
1388 565 1463 594 au-

113 608 217 652 xilia
256 612 301 651 et
339 611 580 664 uereretur,
621 624 677 652 ne
719 609 883 652 interea
925 612 1177 665 contemptu
1220 610 1463 666 praesentis

112 668 342 723 paucitatis
371 668 520 711 hostes
558 671 700 711 castra
731 669 823 711 eius
862 672 1179 725 oppugnarent,
1221 669 1464 725 complures

114 741 167 769 ex
187 727 248 770 eis
268 741 375 782 quos
398 727 590 770 habebat
613 741 690 782 per
715 741 912 770 auersam
937 731 1106 782 partem
1130 730 1256 771 nocte
1276 728 1462 783 <e>mis-
1491 739 1536 771 10

115 799 186 829 sos
229 785 375 841 iussit,
418 800 502 841 qua
541 786 771 841 praecipue
811 786 1033 841 conspicui
1072 787 1216 829 forent
1251 787 1465 840 hostibus,

117 843 256 886 redire
286 844 333 886 in
365 847 509 887 castra
540 847 584 887 et
614 844 910 887 accedentium
939 859 1152 888 nouarum
1183 846 1341 888 uirium
1373 860 1466 901 spe-

116 902 225 945 ciem
247 903 472 958 praebere:
504 905 632 958 atque
663 903 728 945 ita
782 904 998 946 simulatis
1031 905 1203 947 auxiliis
1233 907 1354 947 tutus
1387 907 1466 960 est,

115 960 252 1004 donec
281 961 564 1004 instrueretur
594 963 866 1017 exspectatis.

205 1020 247 1062 4.
282 1019 522 1075 Iphicrates
552 1020 852 1076 Atheniensis,
883 1035 979 1064 cum
1012 1022 1326 1077 campestribus
1356 1022 1464 1066 locis
1491 1032 1536 1066 15

116 1080 260 1122 castra
283 1078 465 1122 haberet
488 1080 839 1135 explorassetque
865 1080 1056 1123 Thracas
1083 1095 1135 1123 ex
1161 1082 1358 1136 collibus,
1388 1097 1466 1137 per

117 1151 225 1193 quos
254 1151 366 1180 unus
397 1140 490 1180 erat
520 1138 751 1181 descensus
759 1172 770 1194 ,
809 1142 937 1182 nocte
969 1139 1021 1182 ad
1054 1140 1293 1195 diripienda
1323 1143 1467 1184 castra

116 1198 336 1249 uenturos,
366 1196 480 1239 clam
501 1197 707 1251 <e>duxit
738 1199 972 1241 exercitum
1004 1201 1048 1241 et
1078 1199 1124 1240 in
1154 1202 1337 1255 utraque
1368 1200 1466 1243 uiae

118 1254 275 1308 latera,
298 1269 376 1309 per
401 1270 531 1310 quam
558 1257 782 1298 transituri
806 1257 992 1300 Thraces
1020 1260 1161 1313 erant,
1188 1258 1465 1301 distributum

122 1313 380 1355 conlocauit:
406 1314 660 1369 hostemque
681 1315 979 1358 decurrentem
999 1316 1212 1368 incastra,
1237 1317 1283 1359 in
1309 1317 1464 1372 quibus
1490 1329 1537 1360 20

118 1371 245 1413 multi
285 1371 410 1427 ignes
454 1387 532 1427 per
574 1387 809 1427 paucorum
852 1389 1000 1417 curam
1042 1375 1234 1418 instituti
1279 1376 1466 1432 speciem

117 1430 334 1473 manentis
364 1430 427 1473 ibi
458 1431 748 1474 multitudinis
780 1433 1029 1489 seruabant,
1060 1449 1087 1477 a
1110 1434 1319 1477 lateribus
1344 1435 1465 1478 ador-

115 1490 186 1531 tus
217 1491 445 1544 oppressit.

510 1604 608 1640 xm.
653 1605 718 1640 DE
743 1605 1066 1644 EFFUGIENDO.

212 1675 248 1716 1.
287 1674 403 1717 Galli
433 1677 667 1730 pugnaturi
692 1692 788 1719 cum
813 1679 964 1721 Attalo
991 1694 1142 1721 aurum
1169 1694 1295 1722 omne
1327 1683 1370 1723 et
1402 1695 1465 1724 ar·
1490 1693 1537 1725 25

121 1735 298 1788 gentum
331 1734 460 1775 certis
498 1735 749 1777 custodibus
785 1737 1071 1792 tradiderunt,
1103 1739 1186 1793 <a>
1218 1739 1390 1795 quibus,
1429 1741 1465 1783 si

215 1851 234 1883 1
262 1847 405 1891 Quntus
424 1849 469 1884 H
490 1849 646 1892 Quintus
660 1850 719 1895 ΡΙ
741 1855 762 1886 3
788 1861 852 1887 eas
876 1852 902 1887 d
923 1854 928 1896 Ι
949 1856 972 1887 4
997 1852 1141 1889 derexit
1156 1853 1190 1891 G
1211 1855 1216 1899 Ι
1237 1854 1465 1891 turbamales

118 1894 179 1930 H¹
198 1896 205 1940 Ι
227 1899 248 1930 5
273 1895 496 1932 aduentaret
519 1897 565 1931 H
581 1898 586 1942 Ι
607 1898 721 1933 uerba
748 1898 995 1935 aduentarent
1009 1921 1052 1926 —
1066 1900 1158 1936 uicti
1177 1902 1282 1946 sunt,
1307 1914 1400 1948 quae
1423 1905 1467 1938 in

119 1943 303 1978 codicibus
327 1943 617 1989 editiom'bussque
646 1945 806 1989 exemplo
828 1948 872 1987 2,
897 1948 937 1989 9,
963 1950 986 1982 7
1011 1948 1272 1993 adnectuntur,
1296 1950 1382 1985 huic
1405 1961 1465 1986 ex·

119 1989 233 2034 emplo
256 1990 414 2026 restituit
432 1990 612 2027 Hedicke.-
630 1992 676 2034 cf.
698 1992 818 2036 praef.
843 1991 871 2038 5
891 1996 913 2028 1
946 1995 952 2038 Ι
986 1998 1006 2030 7
1033 1993 1170 2030 Chares
1189 1996 1248 2040 H,
1272 1997 1334 2031 sed
1358 2007 1400 2032 ar
1423 1999 1466 2032 in

117 2046 191 2072 ras.
210 2036 234 2071 h
254 2037 260 2081 Ι
284 2041 327 2072 10
350 2037 483 2074 missos
502 2038 548 2074 H
553 2038 599 2081 P,
624 2049 716 2074 corr.
738 2038 829 2075 Oud.
848 2040 852 2085 Ι
870 2044 911 2075 11
926 2040 1061 2086 quiH¹
1083 2043 1089 2087 Ι
1112 2046 1155 2077 13
1175 2044 1279 2078 tutus
1298 2043 1350 2085 H,
1369 2045 1467 2089 quod

118 2085 258 2119 mutare
280 2094 356 2119 non
378 2085 496 2121 audeo
518 2084 687 2121 tuitusP
701 2086 845 2121 tutatus
869 2087 948 2123 edd.
974 2100 1012 2124 se
1030 2090 1136 2124 tutus
1157 2090 1250 2125 Oud.
1273 2091 1279 2133 Ι
1302 2094 1346 2125 15
1370 2091 1466 2126 idem

118 2129 193 2172 fere
223 2131 420 2176 exemplum
445 2134 492 2176 1,
518 2134 565 2175 5,
588 2134 655 2167 24.-
686 2132 731 2175 cf.
751 2133 913 2180 praef.§
924 2138 972 2171 10
992 2140 998 2178 Ι
1027 2140 1071 2171 16
1094 2136 1252 2172 haberet
1277 2137 1464 2181 exploras·

120 2177 249 2221 setque
272 2178 315 2212 in
332 2188 404 2213 ras.
424 2189 496 2224 pro
521 2180 697 2214 uenturos
717 2199 761 2205 -
782 2179 946 2216 duxitH
980 2183 984 2227 l
1021 2183 1158 2219 tracias
1179 2184 1256 2227 (sed
1273 2183 1287 2218 i
1305 2186 1403 2228 exp.)
1422 2184 1471 2220 H

119 2223 239 2258 tracas
253 2223 290 2259 P
307 2226 312 2269 Ι
337 2227 378 2260 17
393 2225 572 2261 decensus
585 2226 629 2260 H
632 2226 643 2245 ¹
660 2227 663 2271 Ι
682 2228 726 2261 18
751 2225 856 2262 duxit
872 2228 960 2270 ΗΡ,
985 2241 1050 2266 em.
1069 2230 1257 2266 Herelius.-
1275 2231 1322 2274 cf.
1336 2241 1376 2276 p.
1396 2234 1464 2273 22,

120 2271 144 2306 3
166 2272 171 2314 Ι
193 2268 233 2305 in
250 2271 406 2316 utroque
430 2272 515 2307 uiae
540 2272 658 2308 latere
676 2272 714 2307 P
736 2272 742 2319 Ι
771 2278 814 2309 19
839 2286 914 2319 qua
937 2276 983 2311 H
1000 2278 1005 2321 Ι
1027 2280 1072 2311 22
1086 2279 1299 2312 manentem
1325 2276 1398 2312 sibi
1422 2277 1469 2314 H

215 2320 261 2351 24
273 2318 418 2354 titulum
431 2329 496 2355 om.
512 2319 557 2354 H
566 2319 576 2339 ¹
594 2320 598 2365 1
622 2323 666 2355 25
681 2320 801 2356 attulo
813 2321 859 2356 H
862 2322 872 2341 ¹
885 2322 1011 2358 adtalo
1025 2324 1063 2359 P
1080 2326 1085 2369 1
1117 2327 1162 2359 26
1177 2334 1199 2358 a
1212 2324 1296 2359 add.
1311 2324 1465 2369 Lipsius
