1612 2488
127 792 170 823 10

126 1087 168 1119 15

123 1383 168 1415 20

123 1821 166 1851 25

201 43 260 87 82
481 44 582 81 IULI
606 44 845 82 FRONTINI
871 44 1301 83 STRATEGEMATON

334 210 380 246 X.
420 210 464 246 SI
489 209 582 246 RES
607 209 788 247 DURIUS
815 210 1062 257 CESSERIT,
1087 210 1153 247 DE
1176 211 1416 248 ADVERSIS

711 269 1046 308 EMENDANDIS.

291 367 329 409 1.
379 365 428 408 Τ.
460 365 614 409 Didius
652 366 698 409 in
734 366 968 423 Hispania,
1011 381 1108 410 cum
1145 367 1354 412 acerrimo
1392 369 1558 424 proelio

199 424 477 480 conflixisset,
503 426 619 482 quod
636 440 723 469 nox
743 426 993 482 diremerat,
1018 440 1180 483 magno
1204 441 1385 470 numero
1413 427 1558 471 utrim-

198 499 281 541 que
313 498 437 527 caeso
464 485 688 541 complura
719 499 896 528 suorum
931 500 1114 541 corpora
1144 486 1261 528 intra
1289 489 1463 530 noctem
1495 501 1558 530 se-

196 543 399 600 pelienda
430 544 610 587 curauit.
670 543 858 600 Hispani
893 547 1069 600 postero
1101 545 1170 587 die
1203 544 1258 588 ad
1289 545 1430 589 simile
1462 545 1558 589 offi-

197 604 311 647 cium
341 603 582 659 progressi,
614 603 717 659 quia
747 604 892 659 plures
919 619 971 646 ex
994 604 1190 659 ipsorum
1215 618 1396 648 numero
1429 620 1558 662 quam

197 678 248 705 ex
268 661 480 705 Romanis
500 676 650 706 caesos
668 665 961 719 reppererant,
982 663 1122 706 uictos
1143 677 1189 706 se
1209 677 1301 706 esse
1322 664 1557 708 secundum

197 736 292 765 eam
324 721 716 765 dinumerationem
749 722 1058 779 argumentati,
1089 723 1144 766 ad
1175 722 1446 767 condiciones
1477 723 1556 766 im-

195 781 412 838 peratoris
445 780 772 824 descenderunt.

286 841 326 884 2.
374 840 422 883 T.
447 839 636 884 Marcius
671 855 801 897 eques
832 839 1075 897 Romanus,
1105 841 1180 897 qui
1211 841 1404 898 reliquiis
1437 855 1556 884 exer-

196 900 307 943 citus
338 898 547 964 praefuit,
587 914 683 942 cum
714 900 762 942 in
797 900 1041 956 propinquo
1078 899 1183 943 bina
1220 902 1363 944 castra
1391 899 1557 944 Poeno-

194 974 291 1002 rum
316 959 467 1015 paucis
493 958 670 1002 milibus
695 973 902 1015 passuum
933 959 1164 1016 distarent,
1192 960 1444 1003 cohortatus
1475 959 1557 1002 mi—

194 1018 295 1061 lites
327 1018 527 1074 proxima
559 1020 702 1061 castra
733 1019 995 1074 intempesta
1027 1021 1156 1062 nocte
1188 1018 1364 1062 adortus
1395 1020 1481 1074 est3
1511 1020 1556 1062 et

195 1092 293 1121 cum
318 1077 491 1120 hostem
517 1076 727 1120 uictoriae
758 1077 915 1120 fiducia
945 1078 1284 1133 incompositum
1323 1077 1553 1134 adgressus

194 1151 250 1179 ne
274 1136 451 1179 nuntios
483 1136 654 1192 quidem
687 1136 820 1179 cladis
851 1136 1121 1193 reliquisset,
1157 1136 1415 1180 breuissimo
1446 1139 1554 1179 tem-

194 1210 299 1251 pore
330 1195 461 1239 militi
492 1195 546 1238 ad
575 1194 770 1251 requiem
800 1195 921 1251 dato,
953 1195 1102 1238 eadem
1135 1198 1263 1239 nocte
1299 1195 1461 1252 raptim
1492 1195 1556 1238 fa-

194 1270 311 1298 mam
348 1255 411 1297 rei
450 1256 598 1310 gestae
632 1268 913 1311 praegressus
952 1255 1092 1297 altera
1135 1255 1367 1298 eorundem
1410 1255 1557 1298 castra

193 1314 373 1357 inuasit:
410 1314 474 1356 ita
510 1314 579 1356 bis
613 1314 747 1356 simili
778 1329 882 1356 usus
922 1315 1099 1369 euentu,
1136 1313 1289 1357 deletis
1319 1313 1554 1369 utrubique

194 1373 372 1429 Poenis,
405 1373 588 1416 amissas
618 1374 781 1429 populo
813 1372 1014 1416 Romano
1046 1373 1286 1429 Hispanias
1316 1372 1524 1416 restituit.

270 1535 333 1572 XI.
372 1534 436 1570 DE
461 1535 721 1571 DUBIORUM
745 1534 917 1571 ANIMIS
943 1535 995 1570 IN
1019 1534 1133 1571 FIDE
1159 1534 1466 1572 RETINENDIS.

285 1634 321 1676 1.
359 1631 408 1675 P.
426 1631 627 1675 Valerius
659 1632 872 1688 Epidauri
908 1632 1069 1675 timens
1109 1631 1422 1688 oppidanorum
1459 1645 1553 1688 per-

192 1692 360 1746 fidiam,
392 1692 494 1747 quia
518 1707 672 1746 parum
697 1691 904 1747 praesidii
929 1691 1138 1746 habebat,
1170 1691 1394 1747 gymnicos
1423 1690 1549 1734 ludos

191 1752 342 1806 procul
376 1751 430 1793 ab
453 1746 570 1793 'urbe
603 1751 849 1806 apparauit:
881 1765 964 1807 quo
991 1766 1088 1795 cum
1114 1750 1256 1793 omnis
1285 1750 1377 1793 fere
1405 1749 1552 1792 multi-

192 1811 298 1852 tudo
332 1810 558 1865 spectandi
591 1824 719 1853 causa
751 1811 927 1865 exisset,
965 1809 1120 1852 clausit
1156 1811 1305 1864 portas
1339 1823 1418 1852 nec
1449 1811 1551 1851 ante

290 1965 307 1995 1
337 1961 463 1996 durius
489 1962 514 1997 d
545 1972 722 2007 prospere
752 1961 840 1998 GH
844 1961 896 1997 P:
921 1961 967 2005 cf.
987 1972 1027 2007 p.
1055 1963 1117 2004 39,
1140 1964 1162 1995 1
1195 1962 1200 2003 Ι
1223 1959 1390 2004 ,cesserit
1408 1959 1444 1995 G
1467 1970 1551 2006 ges-

193 2007 284 2044 serit
309 2008 394 2043 HP
422 2009 426 2053 1
467 2012 489 2043 4
516 2008 710 2045 dirimerat
739 2008 876 2053 GHP,
902 2019 993 2045 corr.
1020 2009 1045 2044 d
1078 2008 1083 2054 Ι
1113 2010 1155 2042 11
1182 2006 1222 2042 Τ.
1243 2006 1371 2042 GHP
1391 2005 1431 2043 L.
1451 2007 1551 2043 odd..-

192 2055 238 2100 cf.
261 2066 299 2101 p.
327 2058 391 2099 72,
415 2059 464 2092 21
491 2059 524 2091 et
546 2057 664 2100 praef.
691 2056 719 2103 ,ξ
743 2059 791 2091 11
813 2057 819 2102 Ι
839 2054 1009 2101 reliquiis
1035 2054 1219 2091 exercitus
1241 2053 1319 2090 GP
1340 2052 1439 2090 inter
1463 2052 1550 2090 reli-

192 2102 299 2148 quias
332 2102 513 2139 exercitui
538 2103 583 2138 H
600 2104 605 2147 Ι
629 2103 811 2139 exercitus
838 2103 995 2139 duorum
1021 2100 1236 2148 Scipionum
1261 2101 1426 2147 praefuit
1449 2101 1549 2137 edd..-

191 2150 236 2194 cf.
251 2161 292 2195 p.
313 2152 376 2194 72,
396 2153 447 2187 21
470 2151 474 2195 Ι
499 2153 543 2185 15
556 2150 704 2186 hostem
728 2150 769 2185 in
787 2151 834 2186 H
852 2152 856 2196 Ι
882 2154 924 2186 19
951 2148 1150 2194 utrobique
1176 2148 1214 2184 P
1233 2150 1239 2194 Ι
1261 2152 1307 2184 20
1319 2149 1458 2194 populo
1472 2147 1548 2183 Ro-

191 2208 302 2234 mano
327 2198 353 2234 d
377 2197 598 2244 populorum
626 2197 774 2243 GHP1
814 2197 988 2243 hispania
1005 2196 1052 2232 H
1075 2197 1080 2241 Ι
1120 2199 1164 2231 21
1190 2196 1229 2231 in
1254 2195 1366 2232 fidem
1389 2195 1424 2231 G
1455 2195 1462 2240 Ι
1502 2198 1547 2230 23

190 2244 385 2291 gymnicus
410 2245 520 2281 ludus
538 2245 562 2280 h
584 2245 589 2290 Ι
611 2247 657 2280 24
682 2245 858 2291 apparuit
885 2244 972 2280 GH
990 2245 994 2289 Ι
1016 2243 1103 2280 feris
1126 2243 1172 2279 H
1174 2243 1185 2263 ¹
1208 2245 1212 2287 ἱ
1235 2247 1280 2278 25
1306 2242 1418 2279 clusit
1437 2241 1524 2279 GH
1540 2241 1547 2289 Ι

191 2294 277 2328 ante
304 2291 457 2328 admisit
481 2292 519 2328 P
539 2293 651 2328 antea
676 2291 821 2328 dimisit
845 2292 932 2328 GH
950 2292 989 2327 in
1015 2302 1078 2327 eas
1105 2291 1191 2326 ante
1217 2289 1368 2326 admisit
1391 2290 1418 2327 d
