1534 2528
587 418 962 468 PRAEFATIO.

186 596 213 648 ἓ
241 596 279 638 1.
328 593 679 650 Strategematon
724 593 938 647 codicum,
989 595 1203 648 quotquot
1251 592 1449 635 innotue-

95 657 215 707 runt,
253 653 337 696 duo
369 656 471 695 sunt
501 666 679 708 genera,
718 667 902 708 quorum
939 651 1118 694 alterius
1152 651 1328 706 eiusque
1361 666 1448 694 me·

95 712 217 755 lioris
240 713 326 755 tria
345 714 575 767 supersunt
594 712 869 766 exemplaria,
889 710 1067 752 alterius
1088 723 1274 765 magnus
1298 725 1448 753 nume-

94 786 168 813 rus
194 774 337 814 exstat
362 771 654 813 assecularum
685 767 758 826 (cf.
778 768 1178 812 Commentationes
1198 769 1447 825 philologae

95 829 295 872 Ienenses
325 829 348 871 1
385 827 541 886 (1881)
572 845 614 884 p.
651 829 707 871 86
734 829 830 884 sq.).
890 828 1035 883 Atque
1077 828 1234 883 prioris
1276 829 1448 883 generis

96 903 207 931 unus
237 889 364 930 testis
395 889 577 943 integer,
608 887 682 929 sed
717 902 926 943 perquam
950 887 1231 942 neglegenter
1262 887 1447 942 scriptus

97 950 164 990 est
201 947 293 990 cod.
321 946 584 989 Harleianus
611 947 728 988 2666
759 946 867 1001 (H),
904 961 1000 988 cum
1039 946 1130 988 cod.
1162 945 1387 988 Gothanus
1414 946 1447 988 Ι.

98 1006 180 1048 101
213 1005 298 1060 (G)
334 1008 378 1048 et
416 1005 505 1047 cod.
537 1004 733 1048 Cusanus
766 1004 812 1048 C.
840 1006 896 1047 14
927 1004 1004 1059 (C)
1034 1006 1207 1046 tantum
1247 1008 1449 1061 excerpta

96 1065 344 1119 praebeant.
387 1064 583 1106 Pendent
602 1064 642 1106 ei
667 1078 719 1105 ex
744 1064 870 1118 libro,
896 1064 980 1118 qui,
1006 1064 1203 1118 quamuis
1230 1065 1448 1107 erroribus

97 1123 345 1177 lacunisque
387 1137 475 1165 non
523 1137 685 1165 uacuus
727 1123 877 1172 fuerit,
925 1126 1073 1165 tamen
1115 1122 1448 1178 diligentissime

100 1182 286 1236 scriptus
317 1182 448 1224 etiam
479 1196 607 1224 uoces
638 1181 816 1223 mutilas
849 1196 1018 1223 summa
1053 1181 1137 1223 fide
1170 1185 1447 1224 conseruatas

97 1240 344 1282 exhibuisse
374 1240 590 1296 putandus
622 1243 701 1282 est.
744 1239 949 1282 Nondum
976 1240 1221 1282 adhibitum
1247 1244 1340 1282 erat
1365 1241 1447 1283 hoc

96 1312 250 1355 genus:
286 1314 389 1341 nam
421 1299 615 1341 Andreas
646 1298 880 1353 Dederich,
910 1299 1080 1341 etiamsi
1112 1299 1203 1341 cod.
1255 1299 1446 1341 Gothani

95 1358 299 1400 notitiam
323 1358 478 1400 habuit
495 1356 566 1413 (cf.
581 1357 644 1400 ed.
660 1358 774 1400 1855
793 1358 926 1412 praef.
944 1373 984 1412 p.
996 1357 1092 1413 XI),
1116 1361 1262 1399 tamen
1282 1361 1446 1413 quanta

96 1416 189 1458 eius
227 1421 341 1458 esset
377 1417 613 1459 auctoritas
656 1431 743 1458 non
787 1417 960 1458 uidetur
1001 1417 1279 1458 intellexisse.
1342 1417 1446 1459 Lec-

94 1475 236 1517 tiones
261 1478 417 1529 autem,
443 1490 551 1530 quae
582 1476 630 1516 in
660 1476 855 1531 margine
881 1476 1116 1517 editionum
1141 1475 1445 1530 Hittorpianae

96 1531 323 1590 (Coloniae
345 1533 479 1590 1524)
505 1537 549 1576 et
567 1533 873 1576 Wechelianae
887 1532 1085 1590 (Parisiis
1104 1534 1235 1588 1532)
1257 1534 1443 1590 adscrip-

95 1594 167 1634 tae
204 1595 377 1634 exstant
418 1591 477 1648 (1,
505 1594 541 1647 1,
567 1594 593 1635 8
635 1593 982 1648 profectionis
1026 1608 1147 1635 suae
1192 1608 1372 1635 sensus
1407 1594 1445 1648 1,

21 1694 26 1697 ,
95 1652 136 1704 4,
159 1651 180 1692 1
214 1651 452 1705 captiuos
484 1652 637 1692 lateri
665 1653 701 1705 1,
721 1651 835 1706 5,11
864 1651 1127 1693 similibus
1158 1653 1193 1705 1,
1221 1653 1259 1706 7,
1278 1653 1306 1693 2
1326 1667 1444 1694 (3011-

95 1711 453 1751 sternerentur
480 1711 517 1763 1,
540 1710 606 1762 10,
628 1711 651 1751 1
678 1725 768 1764 per
793 1710 1031 1765 singulos
1058 1712 1098 1765 1,
1121 1711 1185 1764 11,
1205 1711 1232 1751 2
1258 1714 1444 1764 parata

95 1767 135 1821 3,
163 1768 231 1822 16,
256 1767 283 1809 3
316 1767 465 1809 datur
495 1768 770 1821 pollicitus
801 1769 842 1818 4,
861 1769 901 1822 6,
925 1769 955 1810 4
986 1768 1281 1824 deductum)
1314 1784 1441 1823 quae-

95 1841 177 1881 que
203 1826 240 1868 si
264 1840 352 1868 non
377 1840 426 1868 ex
452 1827 545 1880 ipso
573 1826 821 1880 Harleian0‚
846 1830 961 1868 certe
987 1841 1037 1868 ex
1063 1827 1206 1869 codice
1231 1828 1376 1882 aliquo
1404 1829 1444 1871 ei

96 1884 317 1927 simillimo
342 1885 622 1940 depromptae
649 1888 762 1939 sunt,
788 1885 974 1927 editores
1000 1885 1217 1928 immerito
1243 1887 1444 1941 neglexe-

94 1945 205 1984 runt.
245 1943 478 1998 Exoptatis
503 1944 571 1985 his
592 1944 862 1986 adminiculis
887 1943 1062 1986 adscitis
1089 1945 1228 1986 multa
1248 1947 1444 2000 exempla

95 2001 260 2043 mendis
293 2001 431 2044 adhuc
462 2002 642 2044 residuis
681 2005 925 2057 purgantur
958 2006 1088 2058 atque
1120 2004 1443 2046 emendationes

96 2060 285 2102 uirorum
316 2060 539 2102 doctorum
568 2061 685 2102 haud
715 2075 877 2115 paucae
909 2063 1255 2117 comprobantur.

181 2118 382 2160 Alterum
422 2133 557 2174 genus
595 2123 644 2161 ut
686 2120 813 2174 locis,
855 2121 904 2162 in
941 2121 1095 2175 quibus
1127 2121 1282 2175 prioris
1314 2134 1441 2175 gene-

94 2177 153 2218 ris
189 2180 321 2219 testes
362 2178 517 2220 misere
555 2178 760 2232 delirant,
796 2193 884 2220 non
915 2180 1047 2220 semel
1079 2194 1203 2234 opem
1239 2179 1342 2232 fert,
1379 2181 1442 2222 ita

95 2235 175 2276 fide
213 2235 320 2277 illud
349 2250 436 2278 non
473 2237 735 2292 aequiperat.
795 2236 936 2279 Huius
969 2252 1021 2279 ex
1052 2238 1269 2280 codicibus
1307 2253 1440 2280 unum

95 2293 302 2335 aduocaui
328 2294 570 2337 Parisinum
597 2296 713 2338 7240
737 2295 835 2350 (Ρ),
865 2297 1021 2351 quippe
1053 2297 1125 2351 qui
1157 2297 1347 2351 reliquos
1373 2298 1440 2351 (d)

96 2352 351 2394 auctoritate
382 2353 509 2409 longe
534 2356 717 2408 superet.
758 2353 911 2397 Ortum
938 2357 1080 2397 autem
1107 2359 1173 2396 est
1196 2355 1279 2398 hoc
1303 2370 1440 2411 genus

1181 2423 1228 2457 a*
