1612 2488
109 791 153 823 10

109 1087 151 1118 15

105 1382 153 1414 20

105 1677 151 1710 25

182 66 240 109 90
451 68 550 104 IULl
576 68 815 106 FRONTINI
841 69 1276 108 STRATEGEMATON

181 176 301 231 dixit,
332 179 426 219 tum
458 177 557 219 illos
589 177 818 222 uictoriam
844 180 1038 237 adeptOS‚
1068 193 1177 223 cum>
1197 180 1424 237 quadridui
1453 181 1537 225 iter

181 235 311 279 biduo
344 236 641 292 corripuerint.

306 352 351 388 Il.
390 353 455 388 DE
481 353 755 391 FALLENDIS
781 354 879 401 HIS,
907 354 990 398 QUI
1016 354 1403 393 OBsmEBUNTUR.

275 426 309 467 1.
342 425 562 469 Domitius
584 426 804 482 Caluinus,
831 443 928 471 cum
948 429 1167 471 obsideret
1184 428 1398 485 Lueriam,
1417 430 1538 486 oppi-

181 484 282 526 dum
313 484 536 542 Ligurum,
579 502 667 530 non
706 489 876 530 tantum
909 488 996 530 situ
1028 491 1072 531 et
1115 488 1318 543 operibus
1333 521 1343 540 ‚
1386 503 1537 531 uerum

181 544 314 586 etiam
359 548 736 601 propugnatorum
779 548 1049 602 praestantia
1091 549 1260 600 tutum,
1309 547 1536 598 circumire

179 617 326 646 muros
358 604 607 659 frequenter
644 606 846 649 omnibus
887 607 1023 663 copiis
1061 606 1252 649 instituit
1283 606 1536 663 easdemque

178 662 379 706 reducere
399 664 444 706 in
464 662 634 708 castras
667 679 752 720 qua
777 666 1086 709 consuetudine
1116 665 1304 708 inductis
1329 666 1393 718 ita
1418 666 1538 722 oppi-

180 720 317 777 danis,
348 725 398 765 ut
423 724 646 766 crederent
678 725 999 768 exercitationis
1028 724 1076 767 'id
1107 725 1251 781 gratia
1281 724 1423 768 facere
1448 724 1537 768 Ro-

180 795 377 836 manum,
421 785 465 825 et
508 783 563 825 ob
607 783 690 827 hoc
731 784 841 826 nihil
881 785 936 826 ab
978 798 1028 827 eo
1072 786 1230 827 conatu
1268 784 1537 840 canentibus,

180 856 344 884 morem
364 841 487 884 illum
509 843 819 886 obambulandi
843 844 889 885 in
915 844 1107 886 subitum
1133 843 1290 886 direxit
1313 844 1536 899 impetum,

180 901 487 957 occupatisque
513 902 738 945 moenibus
766 903 992 959 expressit,
1020 905 1070 945 ut
1101 916 1148 945 se
1178 903 1299 958 ipsos
1331 901 1537 946 dederent

180 960 395 1015 oppidani.

269 1019 308 1062 2.
353 1018 398 1062 G.
437 1019 635 1063 Duellius
677 1021 829 1063 consul
871 1020 1053 1063 subinde
1098 1020 1331 1064 exercendo
1372 1020 1535 1064 milites

178 1078 449 1135 remigesque
481 1082 737 1122 consecutus
770 1083 858 1135 est,
889 1083 939 1123 ut
971 1080 1132 1123 securis
1165 1079 1535 1136 Carthaginiensi-

180 1138 259 1179 bus
291 1152 427 1193 usque
453 1139 499 1180 in
527 1139 570 1180 id
601 1142 771 1194 tempus
803 1139 1005 1182 innoxiae
1030 1138 1354 1182 consuetudinis
1386 1138 1530 1181 subito

179 1196 358 1239 admota
389 1197 529 1239 classe
561 1213 732 1240 murum
764 1200 1007 1253 occuparet.

267 1256 307 1299 3.
349 1256 572 1299 Hannibal
596 1258 642 1299 in
667 1257 795 1300 Italia
821 1258 979 1300 multas
1011 1257 1140 1300 urbes
1172 1257 1299 1313 cepit,
1330 1271 1428 1299 cum
1448 1255 1534 1300 Ro-

178 1329 404 1358 manorum
436 1316 592 1359 habitu
618 1316 827 1372 quosdam
853 1331 1042 1372 suorum,
1074 1331 1125 1359 ex
1155 1316 1288 1372 longo
1320 1315 1424 1359 belli
1454 1330 1535 1358 usu

179 1374 312 1417 latine
344 1389 514 1430 quoque
545 1376 783 1431 loquentis,
814 1376 1124 1431 praemitteret.

267 1435 308 1476 4.
345 1434 536 1477 Arcades
562 1434 878 1477 Messeniorum
903 1435 1129 1478 castellum
1155 1434 1416 1488 obsidentes,
1446 1433 1536 1476 fac-

177 1493 234 1534 tis
267 1493 524 1548 quibusdam
565 1494 696 1536 armis
737 1494 790 1536 ad
829 1493 1158 1536 similitudinem
1197 1492 1442 1547 hostilium,
1480 1506 1532 1536 eo

177 1554 372 1607 tempore
405 1567 489 1607 quo
523 1567 773 1596 successura
804 1553 891 1595 alia
930 1552 1148 1608 praesidia
1177 1552 1247 1595 his
1279 1551 1533 1607 exploraue-

178 1614 297 1666 runt,
334 1612 538 1655 instructi
578 1626 727 1655 eorum
764 1613 838 1668 qui
879 1612 1242 1668 exspectabantur
1273 1613 1430 1654 ornatu
1460 1610 1535 1653 ad-

180 1670 385 1726 missique
417 1686 495 1727 per
519 1671 633 1714 hunc
658 1686 847 1715 errorem
871 1674 922 1714 ut
953 1671 1071 1724 socii,
1101 1670 1420 1727 possessionem
1450 1669 1534 1713 loci

179 1744 275 1772 cum
309 1733 454 1787 strage
485 1731 679 1774 hostium
710 1731 856 1786 adepti
888 1734 999 1773 sunt.

275 1851 293 1882 1
309 1847 409 1893 cum]
437 1858 550 1892 quom
570 1847 604 1883 G
626 1849 631 1893 Ι
654 1847 940 1892 quadruduiiter
965 1847 1086 1891 (prior
1108 1846 1123 1881 i
1147 1846 1214 1882 sub
1239 1846 1304 1882 lin.
1330 1846 1476 1890 addita)
1499 1844 1535 1880 G

177 1893 397 1938 quadrfiiter
417 1896 620 1940 (uiryulam
639 1896 724 1931 add.
743 1895 783 1939 h)
804 1894 850 1930 Η
867 1896 872 1939 1
895 1899 915 1929 2
941 1894 1055 1930 biduo
1074 1894 1145 1930 hP
1166 1892 1280 1929 dubio
1306 1892 1407 1929 GH¹
1427 1894 1433 1938 Ι
1456 1903 1534 1928 cor·

177 1939 360 1986 ripuerint
388 1940 425 1977 0.
452 1942 574 1977 Barth
600 1942 805 1987 eripuerint
831 1941 918 1978 GH
923 1941 960 1976 P

273 1992 294 2023 3
314 1988 360 2023 iis
384 1988 465 2023 GP
485 1991 490 2032 Ι
514 1989 732 2024 obsidentur
745 1990 770 2025 d
791 1992 796 2032 1
818 1992 841 2024 4
855 1989 1052 2025 obsederet
1077 1988 1196 2034 (prior
1209 1997 1229 2022 e
1243 1986 1313 2022 exi
1329 1985 1379 2031 G)
1403 1985 1504 2023 GH²
1524 1986 1530 2033 Ι

177 2034 334 2071 lueriam
363 2035 450 2070 GH
452 2036 489 2071 P
512 2036 639 2071 lunam
664 2038 701 2079 d,
726 2037 822 2081 quod
845 2037 978 2083 recepit
1001 2035 1092 2071 oud.
1112 2035 1190 2071 coll.
1215 2033 1305 2070 Liu.
1330 2037 1389 2078 41,
1414 2037 1462 2070 13
1483 2034 1490 2080 Ι
1511 2037 1533 2069 6

178 2083 365 2119 circumiri
390 2083 451 2127 ΡΙ
473 2087 494 2118 8
521 2084 650 2125 castris
679 2083 766 2119 GH
782 2085 788 2131 Ι
816 2081 1093 2120 consuetudinis
1111 2081 1170 2118 Η1
1191 2083 1196 2126 1
1221 2084 1263 2116 11
1290 2080 1534 2117 obambulan-

178 2130 235 2165 dis
264 2130 351 2166 GH
368 2132 374 2174 Ι
395 2130 540 2166 derexit
567 2130 601 2165 G
623 2132 628 2177 Ι
652 2135 694 2165 12
722 2131 1012 2177 occupantisque
1037 2129 1097 2166 Η1
1123 2131 1130 2174 Ι
1164 2132 1208 2164 14
1234 2127 1348 2164 Gaius
1377 2127 1413 2164 G
1434 2130 1439 2173 Ι
1467 2128 1534 2163 du-

176 2176 279 2214 illius
302 2177 373 2214 hG
403 2179 408 2221 Ι
444 2180 487 2213 15
514 2178 861 2224 carthaginensibus
887 2178 934 2213 Η
961 2180 966 2221 1
997 2180 1039 2212 16
1064 2177 1224 2212 innoxae
1249 2175 1273 2211 h
1306 2177 1312 2220 Ι
1341 2179 1384 2212 1'1
1410 2185 1533 2210 muro-

177 2236 259 2260 rum
289 2225 323 2260 G
344 2227 349 2270 1
372 2229 417 2261 20
442 2226 637 2269 loquentes
662 2225 699 2260 P
718 2229 722 2269 Ι
750 2229 795 2261 23
821 2225 867 2261 iis
896 2224 996 2269 GP!
1019 2224 1304 2269 explorauerant
1326 2223 1352 2259 d
1373 2226 1378 2265 1
1399 2225 1447 2258 24
1472 2232 1533 2258 ex-

177 2273 448 2355 εΡοοΐεέξωιί-,υτ
467 2272 513 2308 H
516 2273 526 2293 ¹
548 2274 552 2317 Ι
575 2271 803 2318 admisisque
818 2272 876 2308 H¹
904 2273 908 2319 1
937 2275 982 2307 25
1005 2271 1243 2324 possessioni]
1262 2270 1320 2306 Ηι
1342 2270 1348 2316 1
1370 2273 1416 2306 26
1441 2270 1532 2305 stra·

174 2321 262 2367 tege
