1612 2488
85 819 128 851 10

84 1113 128 1145 15

81 1410 125 1442 20

81 1705 125 1736 25

79 2000 125 2031 30

155 116 212 159 58
428 116 530 153 IULI
554 117 792 154 FRONTINI
818 117 1249 156 STRATEGEMATON

642 246 687 283 V.
725 247 788 283 DE
814 247 1021 285 INSIDIIS.

247 334 282 375 1.
314 332 539 386 Romulus,
563 346 642 388 per
668 332 862 375 latebras
889 333 1114 389 copiarum
1138 336 1264 390 parte
1289 334 1511 390 disposita,

154 406 251 434 cum
296 391 350 434 ad
395 391 578 434 Fidenas
629 392 902 447 accessisset,
951 392 1154 435 simulata
1201 392 1307 449 fuga
1351 396 1511 436 temere

153 451 301 494 hostes
333 450 550 494 insecutos
585 465 633 493 eo
666 450 882 506 perduxit,
913 451 988 494 ubi
1020 452 1210 495 occultos
1242 452 1403 495 milites
1433 452 1509 495 ha·

153 510 297 566 bebat,
322 511 396 566 qui
414 510 602 565 undique
622 510 764 553 adorti
790 511 948 553 effusos
968 512 1012 553 et
1035 511 1234 555 incautos
1253 511 1511 555 ceciderunt.

244 570 283 612 2.
316 568 364 619 Q.
383 568 544 612 Fabius
570 568 788 612 Maximus
814 569 979 624 consul,
1005 570 1166 613 auxilio
1194 569 1382 614 Sutrinis
1407 571 1512 614 mis-

154 643 226 671 sus
267 628 472 671 aduersus
509 628 737 684 Etruscos,
776 643 926 671 omnes
964 629 1159 672 hostium
1197 631 1345 685 copias
1381 631 1427 672 in
1466 644 1512 673 se

154 688 387 743 conuertit;
430 687 582 730 deinde
627 688 832 731 simulato
878 688 1035 730 timore
1071 689 1118 731 in
1155 689 1378 745 superiora
1417 689 1512 732 loca

153 748 274 790 uelut
315 747 486 803 fugiens
530 747 708 789 recessit
751 747 969 803 effuseque
1007 747 1241 790 subeuntes
1280 747 1510 805 adgressus

153 821 241 850 non
279 807 370 849 acie
407 808 579 848 tantum
620 806 862 861 superauit,
905 805 980 848 sed
1018 807 1150 849 etiam
1187 807 1345 850 castris
1381 808 1510 850 exuit.

243 865 282 910 3.
315 864 594 921 Sempronius
626 864 846 908 Gracchus
880 865 1087 909 aduersus
1119 864 1361 909 Celtiberos
1392 868 1511 909 metu

153 925 357 968 simulato
391 925 607 968 continuit
637 925 891 981 exercitum3
923 925 1083 967 emissa
1112 925 1264 968 deinde
1290 928 1511 968 armatura

152 984 256 1039 leui,
289 999 398 1039 quae
429 983 602 1026 hostem
629 984 862 1027 lacesseret
887 998 938 1027 ac
963 985 1116 1027 statim
1140 984 1294 1041 pedem
1319 984 1511 1039 referret,

154 1044 356 1086 euocauit
397 1043 564 1085 hostes:
608 1043 761 1085 deinde
802 1043 1070 1086 inordinatos
1109 1043 1337 1100 adgressus
1375 1057 1510 1100 usque

154 1117 204 1145 eo
237 1102 407 1158 cecidit,
439 1104 488 1144 ut
520 1102 652 1144 etiam
685 1105 830 1145 castra
860 1106 1045 1157 caperet.

241 1162 281 1203 4.
329 1161 379 1205 L.
408 1161 611 1204 Metellus
649 1161 798 1204 consul
835 1161 882 1203 in
919 1161 1067 1204 Sicilia
1104 1161 1267 1204 bellum
1304 1161 1509 1205 aduersus

152 1221 471 1263 Hasdrubalem
511 1217 684 1276 gerens,
726 1220 781 1263 ob
819 1220 1041 1276 ingentem
1078 1221 1168 1263 eius
1192 1221 1436 1263 ‘exereitum
1467 1223 1510 1263 et

152 1279 311 1323 CXXX
343 1280 594 1335 elephantos
626 1279 852 1333 intentior,
885 1280 1089 1322 simulata
1119 1279 1362 1322 diffidentia
1392 1279 1510 1322 intra

151 1338 447 1382 Panhormum
486 1339 632 1394 copias
666 1339 810 1381 tenuit
839 1339 1088 1395 fossamque
1120 1339 1308 1395 ingentis
1340 1339 1510 1395 magni-

151 1398 315 1441 tudinis
348 1401 449 1440 ante
483 1413 527 1440 se
554 1398 685 1440 duxit.
736 1401 965 1453 conspecto
997 1397 1151 1440 deinde
1183 1399 1371 1441 exercitu
1397 1397 1508 1440 Has-

152 1457 363 1512 drubalis,
396 1457 471 1513 qui
502 1458 546 1499 in
578 1458 719 1512 prima
745 1457 836 1499 acie
862 1457 1116 1512 elephantos
1147 1456 1355 1513 habebat,
1386 1471 1508 1512 prae-

152 1517 267 1572 cepit
302 1517 511 1571 hastatis,
547 1516 637 1558 tela
668 1517 713 1558 in
744 1516 894 1558 beluas
925 1516 1116 1559 iacerent
1145 1516 1429 1571 protinusque
1462 1529 1508 1558 se

151 1576 268 1618 intra
298 1576 567 1618 munimenta
597 1575 848 1629 reciperent.
910 1589 961 1617 ea
992 1574 1285 1618 ludificatione
1316 1577 1505 1618 rectores

151 1634 479 1690 elephantorum
520 1634 726 1677 concitati
770 1634 816 1676 in
858 1634 1000 1689 ipsam
1042 1634 1206 1677 fossam
1250 1633 1506 1689 elephantos

151 1696 802 1807 ssffffffitsse1333mu20¹13¹i¹e¹sst³ssm
823 1693 982 1807 ἐξὲξ
1004 1695 1143 1795 εὲἒὲο
1165 1692 1508 1795 Ρὶῗᾝοῗῗέἒῑ

151 1815 292 1855 totam
325 1812 460 1855 aciem
491 1812 790 1854 turbauerunt.
845 1814 948 1854 tunc
978 1811 1200 1866 Metellus,
1233 1811 1347 1854 hanc
1377 1825 1506 1866 oppe-

153 1871 267 1913 riens
301 1872 590 1926 occasionem,
622 1885 719 1913 cum
750 1872 844 1913 toto
878 1871 1069 1913 exercitu
1094 1870 1239 1925 erupit
1263 1873 1307 1912 et
1332 1869 1504 1924 adgres-

153 1944 225 1972 sus
266 1945 290 1972 a
327 1930 462 1972 latere
501 1930 667 1972 Poenos
711 1929 866 1972 cecidit
908 1930 1101 1985 ipsisque
1139 1930 1223 1982 [ut]
1262 1928 1505 1983 elephantis

150 1989 315 2045 potitus
349 1992 425 2030 est.
1261 1992 1264 1998 ’

247 2085 268 2116 3
294 2080 474 2115 fidenates
493 2081 534 2116 h.-
558 2082 621 2125 sed
639 2082 685 2124 cf.
706 2082 792 2116 Isiu.
814 2084 849 2123 1,
869 2083 915 2116 14
936 2082 942 2125 Ι
969 2085 991 2116 4
1016 2079 1229 2126 perduxerit
1243 2079 1290 2114 H
1307 2081 1312 2123 Ι
1335 2082 1356 2114 5
1375 2079 1503 2114 incau-

149 2131 208 2165 tos
230 2127 291 2173 (in
309 2129 352 2164 in
369 2138 441 2163 ras.
456 2128 551 2173 ΜΗ
570 2130 574 2173 Ι
597 2131 618 2163 6
639 2128 711 2171 Qui
730 2128 776 2164 H
796 2132 881 2164 ante
898 2138 971 2164 ras.
995 2130 1000 2172 Ι
1023 2131 1044 2163 8
1063 2127 1102 2162 in
1122 2126 1310 2170 superiore
1329 2125 1413 2162 loeo
1433 2125 1480 2162 H

153 2180 194 2211 11
222 2174 464 2221 sympronius
484 2175 531 2210 H
553 2177 558 2220 1
589 2186 745 2221 graccus
767 2175 829 2221 ΡΙ
866 2179 908 2210 13
934 2174 1118 2211 lacessaet
1142 2173 1200 2209 H¹
1225 2173 1429 2209 lacessaret
1445 2174 1470 2209 h

153 2227 196 2259 16
216 2222 256 2258 L.
271 2223 350 2259 Ser.
378 2221 419 2265 Q.
434 2222 538 2257 ΗΡ.·
556 2223 602 2266 cf.
623 2226 658 2266 1,
673 2226 708 2265 7,
721 2226 741 2257 1
766 2224 771 2267 Ι
804 2226 847 2258 17
874 2220 1127 2258 hastrubalem
1147 2221 1214 2265 ΗΙ
1239 2224 1282 2256 19
1302 2220 1505 2267 phanthor·

149 2282 251 2306 mum
277 2270 323 2305 H
342 2280 562 2314 panormum
582 2269 619 2305 P
643 2272 647 2313 Ι
675 2273 721 2305 20
748 2269 975 2305 hastrubalis
1000 2268 1046 2304 H
1069 2269 1074 2313 Ι
1101 2272 1147 2304 23
1174 2267 1235 2314 ea]
1261 2269 1299 2304 et
1323 2279 1343 2303 a
1368 2268 1429 2313 ΡΙ
1458 2271 1502 2304 25

150 2317 359 2362 inlaqueati
377 2318 402 2353 d
423 2318 428 2364 Ι
450 2316 691 2352 multitudine
712 2317 883 2352 Herelius
915 2315 1173 2362 magnitudine
1190 2315 1279 2350 ΗΡ
1307 2325 1447 2360 magna
1465 2315 1504 2350 ui

155 2364 246 2400 Oud.
286 2364 468 2411 grandine
494 2363 603 2400 Goetz
631 2365 636 2406 1
667 2367 712 2398 29
739 2366 780 2399 ut
805 2364 923 2400 ἀεῖσαι·
947 2366 985 2400 et
1009 2363 1086 2399 edd.
