<?xml version="1.0" encoding="UTF-8"?>
<!DOCTYPE html PUBLIC "-//W3C//DTD XHTML 1.0 Transitional//EN"
    "http://www.w3.org/TR/xhtml1/DTD/xhtml1-transitional.dtd">
<html xmlns="http://www.w3.org/1999/xhtml" xml:lang="en" lang="en">
 <head>
  <title>
</title>
<meta http-equiv="Content-Type" content="text/html;charset=utf-8" />
  <meta name='ocr-system' content='tesseract 3.04.00' />
  <meta name='ocr-capabilities' content='ocr_page ocr_carea ocr_par ocr_line ocrx_word'/>
</head>
<body>
  <div class='ocr_page' id='page_1' title='image "./strategematonlib00fronuoft_0053.png"; bbox 0 0 1612 2488; ppageno 0'>
   <div class='ocr_carea' id='block_1_1' title="bbox 497 108 1423 153">
    <p class='ocr_par' dir='ltr' id='par_1_1' title="bbox 497 108 1423 153">
     <span class='ocr_line' id='line_1_1' title="bbox 497 108 1423 153; baseline 0.001 -7"><span class='ocrx_word' id='word_1_1' title='bbox 497 109 643 146; x_wconf 84' lang='lat' dir='ltr'>LIBER</span> <span class='ocrx_word' id='word_1_2' title='bbox 666 109 694 146; x_wconf 90' lang='lat' dir='ltr'>L</span> <span class='ocrx_word' id='word_1_3' title='bbox 731 108 836 149; x_wconf 74' lang='lat' dir='ltr'>CAP.</span> <span class='ocrx_word' id='word_1_4' title='bbox 858 113 987 146; x_wconf 88' lang='lat'><strong>8—10.</strong></span> <span class='ocrx_word' id='word_1_5' title='bbox 1366 110 1423 153; x_wconf 84' lang='grc'><strong>29</strong></span> 
     </span>
    </p>
   </div>
   <div class='ocr_carea' id='block_1_2' title="bbox 72 218 1426 980">
    <p class='ocr_par' dir='ltr' id='par_1_2' title="bbox 72 218 1426 980">
     <span class='ocr_line' id='line_1_2' title="bbox 74 218 1424 273; baseline 0.001 -12"><span class='ocrx_word' id='word_1_6' title='bbox 74 221 247 270; x_wconf 88' lang='lat' dir='ltr'><strong>senatu,</strong></span> <span class='ocrx_word' id='word_1_7' title='bbox 276 233 331 260; x_wconf 87' lang='lat' dir='ltr'><strong>ne</strong></span> <span class='ocrx_word' id='word_1_8' title='bbox 361 218 595 261; x_wconf 89' lang='lat' dir='ltr'><strong>tumultum</strong></span> <span class='ocrx_word' id='word_1_9' title='bbox 626 220 840 273; x_wconf 85' lang='lat' dir='ltr'><strong>moueret,</strong></span> <span class='ocrx_word' id='word_1_10' title='bbox 876 218 914 260; x_wconf 88' lang='lat' dir='ltr'><strong>si</strong></span> <span class='ocrx_word' id='word_1_11' title='bbox 945 218 1062 261; x_wconf 89' lang='lat' dir='ltr'><strong>solos</strong></span> <span class='ocrx_word' id='word_1_12' title='bbox 1094 223 1318 261; x_wconf 90' lang='lat' dir='ltr'><strong>euocasset</strong></span> <span class='ocrx_word' id='word_1_13' title='bbox 1348 233 1424 262; x_wconf 91' lang='lat' dir='ltr'><strong>no·</strong></span> 
     </span>
     <span class='ocr_line' id='line_1_3' title="bbox 73 277 1424 333; baseline -0.001 -13"><span class='ocrx_word' id='word_1_14' title='bbox 73 280 239 333; x_wconf 87' lang='lat' dir='ltr'><strong>centes,</strong></span> <span class='ocrx_word' id='word_1_15' title='bbox 281 277 441 320; x_wconf 85' lang='lat' dir='ltr'><strong>mixtos</strong></span> <span class='ocrx_word' id='word_1_16' title='bbox 485 277 547 319; x_wconf 91' lang='lat' dir='ltr'><strong>eis</strong></span> <span class='ocrx_word' id='word_1_17' title='bbox 589 277 664 332; x_wconf 88' lang='lat' dir='ltr'><strong>qui</strong></span> <span class='ocrx_word' id='word_1_18' title='bbox 707 279 829 320; x_wconf 83' lang='lat' dir='ltr'><strong>extra</strong></span> <span class='ocrx_word' id='word_1_19' title='bbox 872 277 1076 320; x_wconf 89' lang='lat' dir='ltr'><strong>delictum</strong></span> <span class='ocrx_word' id='word_1_20' title='bbox 1115 280 1240 320; x_wconf 82' lang='lat' dir='ltr'><strong>erant</strong></span> <span class='ocrx_word' id='word_1_21' title='bbox 1277 278 1424 320; x_wconf 85' lang='lat' dir='ltr'><strong>uenire</strong></span> 
     </span>
     <span class='ocr_line' id='line_1_4' title="bbox 72 335 1422 393; baseline 0 -14"><span class='ocrx_word' id='word_1_22' title='bbox 72 337 212 380; x_wconf 87' lang='lat' dir='ltr'><strong>iussit.</strong></span> <span class='ocrx_word' id='word_1_23' title='bbox 257 335 322 379; x_wconf 89' lang='lat' dir='ltr'><strong>ita</strong></span> <span class='ocrx_word' id='word_1_24' title='bbox 353 338 398 378; x_wconf 86' lang='lat' dir='ltr'><strong>et</strong></span> <span class='ocrx_word' id='word_1_25' title='bbox 419 335 540 379; x_wconf 85' lang='lat' dir='ltr'><strong>noxii</strong></span> <span class='ocrx_word' id='word_1_26' title='bbox 563 335 729 379; x_wconf 89' lang='lat' dir='ltr'><strong>minore</strong></span> <span class='ocrx_word' id='word_1_27' title='bbox 753 350 850 378; x_wconf 90' lang='lat' dir='ltr'><strong>cum</strong></span> <span class='ocrx_word' id='word_1_28' title='bbox 875 339 1012 391; x_wconf 90' lang='lat' dir='ltr'><strong>metu,</strong></span> <span class='ocrx_word' id='word_1_29' title='bbox 1043 336 1146 391; x_wconf 83' lang='lat' dir='ltr'><strong>quia</strong></span> <span class='ocrx_word' id='word_1_30' title='bbox 1168 350 1257 379; x_wconf 89' lang='lat' dir='ltr'><strong>non</strong></span> <span class='ocrx_word' id='word_1_31' title='bbox 1282 351 1422 393; x_wconf 85' lang='lat' dir='ltr'><strong>segre·</strong></span> 
     </span>
     <span class='ocr_line' id='line_1_5' title="bbox 72 394 1424 452; baseline 0.001 -16"><span class='ocrx_word' id='word_1_32' title='bbox 72 395 167 452; x_wconf 85' lang='lat' dir='ltr'><strong>gati</strong></span> <span class='ocrx_word' id='word_1_33' title='bbox 198 394 381 451; x_wconf 89' lang='lat' dir='ltr'><strong>ideoque</strong></span> <span class='ocrx_word' id='word_1_34' title='bbox 409 409 497 438; x_wconf 89' lang='lat' dir='ltr'><strong>non</strong></span> <span class='ocrx_word' id='word_1_35' title='bbox 520 409 572 437; x_wconf 86' lang='lat' dir='ltr'><strong>ex</strong></span> <span class='ocrx_word' id='word_1_36' title='bbox 597 409 727 438; x_wconf 86' lang='lat' dir='ltr'><strong>causa</strong></span> <span class='ocrx_word' id='word_1_37' title='bbox 751 394 904 450; x_wconf 90' lang='lat' dir='ltr'><strong>culpae</strong></span> <span class='ocrx_word' id='word_1_38' title='bbox 931 395 1190 438; x_wconf 82' lang='lat' dir='ltr'><strong>uidebantur</strong></span> <span class='ocrx_word' id='word_1_39' title='bbox 1213 396 1424 451; x_wconf 89' lang='lat' dir='ltr'><strong>arcessiri,</strong></span> 
     </span>
     <span class='ocr_line' id='line_1_6' title="bbox 72 453 1424 509; baseline 0.001 -13"><span class='ocrx_word' id='word_1_40' title='bbox 72 456 309 509; x_wconf 87' lang='lat' dir='ltr'><strong>paruerunt</strong></span> <span class='ocrx_word' id='word_1_41' title='bbox 356 456 402 496; x_wconf 92' lang='lat' dir='ltr'><strong>et</strong></span> <span class='ocrx_word' id='word_1_42' title='bbox 447 453 532 508; x_wconf 91' lang='lat' dir='ltr'><strong>illi,</strong></span> <span class='ocrx_word' id='word_1_43' title='bbox 580 453 736 509; x_wconf 89' lang='lat' dir='ltr'><strong>quibus</strong></span> <span class='ocrx_word' id='word_1_44' title='bbox 785 453 957 509; x_wconf 84' lang='lat' dir='ltr'><strong>integra</strong></span> <span class='ocrx_word' id='word_1_45' title='bbox 1006 457 1101 496; x_wconf 90' lang='lat' dir='ltr'><strong>erat</strong></span> <span class='ocrx_word' id='word_1_46' title='bbox 1148 455 1424 509; x_wconf 86' lang='lat' dir='ltr'><strong>conscientia,</strong></span> 
     </span>
     <span class='ocr_line' id='line_1_7' title="bbox 74 512 1425 568; baseline 0.001 -13"><span class='ocrx_word' id='word_1_47' title='bbox 74 512 364 556; x_wconf 74' lang='lat' dir='ltr'><strong>custodiendis</strong></span> <span class='ocrx_word' id='word_1_48' title='bbox 383 526 552 568; x_wconf 86' lang='lat' dir='ltr'><strong>quoque</strong></span> <span class='ocrx_word' id='word_1_49' title='bbox 570 512 826 555; x_wconf 74' lang='lat' dir='ltr'><strong>nocentibus</strong></span> <span class='ocrx_word' id='word_1_50' title='bbox 846 512 1144 568; x_wconf 87' lang='lat' dir='ltr'><strong>adtenderunt‚</strong></span> <span class='ocrx_word' id='word_1_51' title='bbox 1167 528 1223 556; x_wconf 91' lang='lat' dir='ltr'><strong>ne</strong></span> <span class='ocrx_word' id='word_1_52' title='bbox 1247 514 1425 557; x_wconf 89' lang='lat' dir='ltr'><strong>illorum</strong></span> 
     </span>
     <span class='ocr_line' id='line_1_8' title="bbox 74 571 1425 687; baseline 0.001 -15"><span class='ocrx_word' id='word_1_53' title='bbox 74 571 631 682; x_wconf 49' lang='grc' dir='ltr'><strong>ὢςῖωᾶωὸἓέἓέτιῗῐὲυω</strong></span> <span class='ocrx_word' id='word_1_54' title='bbox 662 630 872 685; x_wconf 82' lang='lat' dir='ltr'><strong>quaedam</strong></span> <span class='ocrx_word' id='word_1_55' title='bbox 902 631 1095 687; x_wconf 86' lang='lat' dir='ltr'><strong>legiones</strong></span> <span class='ocrx_word' id='word_1_56' title='bbox 1126 631 1218 673; x_wconf 90' lang='lat' dir='ltr'><strong>eius</strong></span> <span class='ocrx_word' id='word_1_57' title='bbox 1250 630 1425 674; x_wconf 88' lang='lat' dir='ltr'><strong>seditio-</strong></span> 
     </span>
     <span class='ocr_line' id='line_1_9' title="bbox 74 688 1425 745; baseline 0.001 -14"><span class='ocrx_word' id='word_1_58' title='bbox 74 702 174 731; x_wconf 89' lang='lat' dir='ltr'><strong>nem</strong></span> <span class='ocrx_word' id='word_1_59' title='bbox 215 689 471 744; x_wconf 72' lang='lat' dir='ltr'><strong>munissent,</strong></span> <span class='ocrx_word' id='word_1_60' title='bbox 514 688 620 732; x_wconf 91' lang='lat' dir='ltr'><strong>adeo</strong></span> <span class='ocrx_word' id='word_1_61' title='bbox 658 691 708 731; x_wconf 90' lang='lat' dir='ltr'><strong>ut</strong></span> <span class='ocrx_word' id='word_1_62' title='bbox 742 690 788 731; x_wconf 89' lang='lat' dir='ltr'><strong>in</strong></span> <span class='ocrx_word' id='word_1_63' title='bbox 824 690 1059 744; x_wconf 88' lang='lat' dir='ltr'><strong>perniciem</strong></span> <span class='ocrx_word' id='word_1_64' title='bbox 1100 704 1269 745; x_wconf 90' lang='lat' dir='ltr'><strong>quoque</strong></span> <span class='ocrx_word' id='word_1_65' title='bbox 1305 691 1425 733; x_wconf 87' lang='lat' dir='ltr'><strong>ducis</strong></span> 
     </span>
     <span class='ocr_line' id='line_1_10' title="bbox 74 747 1425 804; baseline 0.002 -15"><span class='ocrx_word' id='word_1_66' title='bbox 74 747 324 790; x_wconf 81' lang='lat' dir='ltr'><strong>uiderentur</strong></span> <span class='ocrx_word' id='word_1_67' title='bbox 352 750 723 803; x_wconf 80' lang='lat' dir='ltr'><strong>consurrecturae‚</strong></span> <span class='ocrx_word' id='word_1_68' title='bbox 760 748 1031 790; x_wconf 88' lang='lat' dir='ltr'><strong>dissimulato</strong></span> <span class='ocrx_word' id='word_1_69' title='bbox 1063 751 1182 791; x_wconf 92' lang='lat' dir='ltr'><strong>metu</strong></span> <span class='ocrx_word' id='word_1_70' title='bbox 1213 749 1425 804; x_wconf 89' lang='lat' dir='ltr'><strong>processit</strong></span> 
     </span>
     <span class='ocr_line' id='line_1_11' title="bbox 76 805 1426 862; baseline 0.002 -14"><span class='ocrx_word' id='word_1_71' title='bbox 76 805 131 849; x_wconf 89' lang='lat' dir='ltr'><strong>ad</strong></span> <span class='ocrx_word' id='word_1_72' title='bbox 167 806 331 848; x_wconf 79' lang='lat' dir='ltr'><strong>milites</strong></span> <span class='ocrx_word' id='word_1_73' title='bbox 366 807 774 862; x_wconf 76' lang='lat' dir='ltr'><strong>postulantibusque</strong></span> <span class='ocrx_word' id='word_1_74' title='bbox 814 807 1066 849; x_wconf 86' lang='lat' dir='ltr'><strong>missionem</strong></span> <span class='ocrx_word' id='word_1_75' title='bbox 1108 808 1223 850; x_wconf 90' lang='lat' dir='ltr'><strong>ultro</strong></span> <span class='ocrx_word' id='word_1_76' title='bbox 1267 809 1426 851; x_wconf 89' lang='lat' dir='ltr'><strong>minaci</strong></span> 
     </span>
     <span class='ocr_line' id='line_1_12' title="bbox 75 865 1426 922; baseline 0.002 -16"><span class='ocrx_word' id='word_1_77' title='bbox 75 865 199 907; x_wconf 90' lang='lat' dir='ltr'><strong>uultu</strong></span> <span class='ocrx_word' id='word_1_78' title='bbox 223 865 359 907; x_wconf 89' lang='lat' dir='ltr'><strong>dedit:</strong></span> <span class='ocrx_word' id='word_1_79' title='bbox 389 867 689 908; x_wconf 86' lang='lat' dir='ltr'><strong>exauctoratos</strong></span> <span class='ocrx_word' id='word_1_80' title='bbox 714 865 982 920; x_wconf 85' lang='lat' dir='ltr'><strong>paenitentia</strong></span> <span class='ocrx_word' id='word_1_81' title='bbox 1006 866 1149 922; x_wconf 87' lang='lat' dir='ltr'><strong>coegit</strong></span> <span class='ocrx_word' id='word_1_82' title='bbox 1174 867 1426 909; x_wconf 85' lang='lat' dir='ltr'><strong>satisfacere</strong></span> 
     </span>
     <span class='ocr_line' id='line_1_13' title="bbox 75 923 1426 980; baseline 0.002 -15"><span class='ocrx_word' id='word_1_83' title='bbox 75 923 328 977; x_wconf 84' lang='lat' dir='ltr'><strong>imperatori</strong></span> <span class='ocrx_word' id='word_1_84' title='bbox 357 923 794 979; x_wconf 89' lang='lat' dir='ltr'><strong>obsequentioresque</strong></span> <span class='ocrx_word' id='word_1_85' title='bbox 822 925 868 966; x_wconf 92' lang='lat' dir='ltr'><strong>in</strong></span> <span class='ocrx_word' id='word_1_86' title='bbox 891 925 1059 980; x_wconf 86' lang='lat' dir='ltr'><strong>reliqua</strong></span> <span class='ocrx_word' id='word_1_87' title='bbox 1083 939 1216 980; x_wconf 87' lang='lat' dir='ltr'><strong>opera</strong></span> <span class='ocrx_word' id='word_1_88' title='bbox 1241 940 1286 968; x_wconf 86' lang='lat' dir='ltr'><strong>se</strong></span> <span class='ocrx_word' id='word_1_89' title='bbox 1312 925 1426 968; x_wconf 86' lang='lat' dir='ltr'><strong>dare.</strong></span> 
     </span>
    </p>
   </div>
   <div class='ocr_carea' id='block_1_3' title="bbox 158 1061 1346 1158">
    <p class='ocr_par' dir='ltr' id='par_1_3' title="bbox 158 1061 1346 1158">
     <span class='ocr_line' id='line_1_14' title="bbox 158 1061 1346 1105; baseline 0.003 -8"><span class='ocrx_word' id='word_1_90' title='bbox 158 1061 204 1098; x_wconf 81' lang='lat' dir='ltr'><strong>X.</strong></span> <span class='ocrx_word' id='word_1_91' title='bbox 242 1061 630 1105; x_wconf 74' lang='lat' dir='ltr'><strong>QUEMADMODUM</strong></span> <span class='ocrx_word' id='word_1_92' title='bbox 653 1062 1021 1099; x_wconf 80' lang='lat' dir='ltr'>INTEMPESTIVA</span> <span class='ocrx_word' id='word_1_93' title='bbox 1045 1063 1346 1100; x_wconf 83' lang='lat' dir='ltr'>POSTULATIO</span> 
     </span>
     <span class='ocr_line' id='line_1_15' title="bbox 461 1120 1013 1158; baseline 0.004 -2"><span class='ocrx_word' id='word_1_94' title='bbox 461 1120 675 1156; x_wconf 79' lang='lat' dir='ltr'>PUGNAE</span> <span class='ocrx_word' id='word_1_95' title='bbox 700 1121 1013 1158; x_wconf 77' lang='lat' dir='ltr'>[NHJBEATUR.</span> 
     </span>
    </p>
   </div>
   <div class='ocr_carea' id='block_1_4' title="bbox 10 1213 1429 1804">
    <p class='ocr_par' dir='ltr' id='par_1_4' title="bbox 10 1213 1429 1804">
     <span class='ocr_line' id='line_1_16' title="bbox 168 1213 1426 1275; baseline 0.005 -18"><span class='ocrx_word' id='word_1_96' title='bbox 168 1217 204 1258; x_wconf 91' lang='lat'><strong>1.</strong></span> <span class='ocrx_word' id='word_1_97' title='bbox 237 1216 287 1266; x_wconf 84' lang='lat' dir='ltr'><strong>Q.</strong></span> <span class='ocrx_word' id='word_1_98' title='bbox 305 1213 534 1271; x_wconf 87' lang='lat' dir='ltr'><strong>Sertorius,</strong></span> <span class='ocrx_word' id='word_1_99' title='bbox 554 1217 669 1272; x_wconf 90' lang='lat' dir='ltr'><strong>quod</strong></span> <span class='ocrx_word' id='word_1_100' title='bbox 688 1219 982 1273; x_wconf 85' lang='lat' dir='ltr'><strong>experimento</strong></span> <span class='ocrx_word' id='word_1_101' title='bbox 1001 1219 1211 1262; x_wconf 88' lang='lat' dir='ltr'><strong>didicerat</strong></span> <span class='ocrx_word' id='word_1_102' title='bbox 1228 1220 1426 1275; x_wconf 88' lang='lat' dir='ltr'><strong>inparem</strong></span> 
     </span>
     <span class='ocr_line' id='line_1_17' title="bbox 81 1274 1427 1335; baseline 0.004 -19"><span class='ocrx_word' id='word_1_103' title='bbox 81 1288 126 1316; x_wconf 91' lang='lat' dir='ltr'><strong>se</strong></span> <span class='ocrx_word' id='word_1_104' title='bbox 149 1274 353 1317; x_wconf 89' lang='lat' dir='ltr'><strong>uniuerso</strong></span> <span class='ocrx_word' id='word_1_105' title='bbox 378 1275 671 1318; x_wconf 84' lang='lat' dir='ltr'><strong>Romanorum</strong></span> <span class='ocrx_word' id='word_1_106' title='bbox 696 1278 918 1332; x_wconf 86' lang='lat' dir='ltr'><strong>exercitui,</strong></span> <span class='ocrx_word' id='word_1_107' title='bbox 947 1280 997 1319; x_wconf 87' lang='lat' dir='ltr'><strong>ut</strong></span> <span class='ocrx_word' id='word_1_108' title='bbox 1021 1279 1229 1321; x_wconf 84' lang='lat' dir='ltr'><strong>barbaros</strong></span> <span class='ocrx_word' id='word_1_109' title='bbox 1256 1294 1427 1335; x_wconf 89' lang='lat' dir='ltr'><strong>quoque</strong></span> 
     </span>
     <span class='ocr_line' id='line_1_18' title="bbox 78 1332 1427 1390; baseline 0.004 -16"><span class='ocrx_word' id='word_1_110' title='bbox 78 1332 324 1375; x_wconf 88' lang='lat' dir='ltr'><strong>inconsulte</strong></span> <span class='ocrx_word' id='word_1_111' title='bbox 362 1349 552 1389; x_wconf 86' lang='lat' dir='ltr'><strong>pugnam</strong></span> <span class='ocrx_word' id='word_1_112' title='bbox 589 1338 868 1390; x_wconf 84' lang='lat' dir='ltr'><strong>exposcentes</strong></span> <span class='ocrx_word' id='word_1_113' title='bbox 906 1336 1096 1389; x_wconf 87' lang='lat' dir='ltr'><strong>doceret,</strong></span> <span class='ocrx_word' id='word_1_114' title='bbox 1141 1338 1337 1380; x_wconf 85' lang='lat' dir='ltr'><strong>adductis</strong></span> <span class='ocrx_word' id='word_1_115' title='bbox 1380 1339 1427 1380; x_wconf 89' lang='grc'><strong>111</strong></span> 
     </span>
     <span class='ocr_line' id='line_1_19' title="bbox 79 1393 1428 1449; baseline 0.004 -16"><span class='ocrx_word' id='word_1_116' title='bbox 79 1394 355 1447; x_wconf 86' lang='lat' dir='ltr'><strong>conspectum</strong></span> <span class='ocrx_word' id='word_1_117' title='bbox 404 1393 570 1435; x_wconf 89' lang='lat' dir='ltr'><strong>duobus</strong></span> <span class='ocrx_word' id='word_1_118' title='bbox 620 1394 762 1449; x_wconf 89' lang='lat' dir='ltr'><strong>equis,</strong></span> <span class='ocrx_word' id='word_1_119' title='bbox 810 1396 1060 1449; x_wconf 82' lang='lat' dir='ltr'><strong>praeualido</strong></span> <span class='ocrx_word' id='word_1_120' title='bbox 1110 1397 1252 1447; x_wconf 89' lang='lat' dir='ltr'><strong>alteri,</strong></span> <span class='ocrx_word' id='word_1_121' title='bbox 1303 1397 1428 1439; x_wconf 90' lang='lat' dir='ltr'><strong>alteri</strong></span> 
     </span>
     <span class='ocr_line' id='line_1_20' title="bbox 79 1449 1426 1498; baseline 0.005 -7"><span class='ocrx_word' id='word_1_122' title='bbox 79 1449 309 1492; x_wconf 91' lang='lat' dir='ltr'><strong>admodum</strong></span> <span class='ocrx_word' id='word_1_123' title='bbox 358 1451 459 1493; x_wconf 86' lang='lat' dir='ltr'><strong>exili</strong></span> <span class='ocrx_word' id='word_1_124' title='bbox 504 1451 611 1495; x_wconf 89' lang='lat' dir='ltr'><strong>duos</strong></span> <span class='ocrx_word' id='word_1_125' title='bbox 654 1452 849 1495; x_wconf 90' lang='lat' dir='ltr'><strong>admouit</strong></span> <span class='ocrx_word' id='word_1_126' title='bbox 890 1454 1065 1497; x_wconf 89' lang='lat' dir='ltr'><strong>iuuenes</strong></span> <span class='ocrx_word' id='word_1_127' title='bbox 1110 1455 1311 1497; x_wconf 83' lang='lat' dir='ltr'><strong>similiter</strong></span> <span class='ocrx_word' id='word_1_128' title='bbox 1354 1456 1426 1498; x_wconf 89' lang='lat' dir='ltr'><strong>ad·</strong></span> 
     </span>
     <span class='ocr_line' id='line_1_21' title="bbox 78 1508 1427 1569; baseline 0.005 -19"><span class='ocrx_word' id='word_1_129' title='bbox 78 1508 235 1564; x_wconf 80' lang='lat' dir='ltr'><strong>sectos,</strong></span> <span class='ocrx_word' id='word_1_130' title='bbox 265 1509 490 1552; x_wconf 88' lang='lat' dir='ltr'><strong>robustum</strong></span> <span class='ocrx_word' id='word_1_131' title='bbox 522 1514 567 1552; x_wconf 90' lang='lat' dir='ltr'><strong>et</strong></span> <span class='ocrx_word' id='word_1_132' title='bbox 596 1512 813 1566; x_wconf 84' lang='lat' dir='ltr'><strong>gracilem.</strong></span> <span class='ocrx_word' id='word_1_133' title='bbox 863 1527 913 1555; x_wconf 89' lang='lat' dir='ltr'><strong>ac</strong></span> <span class='ocrx_word' id='word_1_134' title='bbox 938 1513 1171 1557; x_wconf 81' lang='lat' dir='ltr'><strong>robustiori</strong></span> <span class='ocrx_word' id='word_1_135' title='bbox 1196 1514 1427 1569; x_wconf 88' lang='lat' dir='ltr'><strong>imperauit</strong></span> 
     </span>
     <span class='ocr_line' id='line_1_22' title="bbox 80 1567 1428 1628; baseline 0.005 -19"><span class='ocrx_word' id='word_1_136' title='bbox 80 1581 190 1622; x_wconf 89' lang='lat' dir='ltr'><strong>equo</strong></span> <span class='ocrx_word' id='word_1_137' title='bbox 215 1567 318 1610; x_wconf 86' lang='lat' dir='ltr'><strong>exili</strong></span> <span class='ocrx_word' id='word_1_138' title='bbox 341 1569 585 1614; x_wconf 83' lang='lat' dir='ltr'><strong>uniuersam</strong></span> <span class='ocrx_word' id='word_1_139' title='bbox 610 1571 791 1612; x_wconf 88' lang='lat' dir='ltr'><strong>caudam</strong></span> <span class='ocrx_word' id='word_1_140' title='bbox 816 1571 1083 1628; x_wconf 86' lang='lat' dir='ltr'><strong>abrumpere,</strong></span> <span class='ocrx_word' id='word_1_141' title='bbox 1108 1573 1260 1628; x_wconf 87' lang='lat' dir='ltr'><strong>gracili</strong></span> <span class='ocrx_word' id='word_1_142' title='bbox 1282 1577 1428 1616; x_wconf 86' lang='lat' dir='ltr'><strong>autem</strong></span> 
     </span>
     <span class='ocr_line' id='line_1_23' title="bbox 54 1626 1428 1687; baseline 0.006 -20"><span class='ocrx_word' id='word_1_143' title='bbox 54 1626 364 1675; x_wconf 58' lang='lat' dir='ltr'><strong>‚ualentiorem</strong></span> <span class='ocrx_word' id='word_1_144' title='bbox 390 1642 466 1681; x_wconf 90' lang='lat' dir='ltr'><strong>per</strong></span> <span class='ocrx_word' id='word_1_145' title='bbox 492 1628 687 1684; x_wconf 82' lang='lat' dir='ltr'><strong>singulos</strong></span> <span class='ocrx_word' id='word_1_146' title='bbox 712 1629 884 1685; x_wconf 86' lang='lat' dir='ltr'><strong>&lt;pilos&gt;</strong></span> <span class='ocrx_word' id='word_1_147' title='bbox 910 1631 1082 1674; x_wconf 88' lang='lat' dir='ltr'><strong>uellere.</strong></span> <span class='ocrx_word' id='word_1_148' title='bbox 1125 1646 1308 1687; x_wconf 87' lang='lat' dir='ltr'><strong>cumque</strong></span> <span class='ocrx_word' id='word_1_149' title='bbox 1334 1646 1428 1687; x_wconf 86' lang='lat' dir='ltr'><strong>gra-</strong></span> 
     </span>
     <span class='ocr_line' id='line_1_24' title="bbox 81 1683 1429 1743; baseline 0.006 -19"><span class='ocrx_word' id='word_1_150' title='bbox 81 1684 177 1725; x_wconf 84' lang='lat' dir='ltr'><strong>cilis</strong></span> <span class='ocrx_word' id='word_1_151' title='bbox 206 1683 382 1726; x_wconf 88' lang='lat' dir='ltr'><strong>fecisset</strong></span> <span class='ocrx_word' id='word_1_152' title='bbox 411 1686 524 1740; x_wconf 88' lang='lat' dir='ltr'><strong>quod</strong></span> <span class='ocrx_word' id='word_1_153' title='bbox 553 1688 814 1742; x_wconf 87' lang='lat' dir='ltr'><strong>imperatum</strong></span> <span class='ocrx_word' id='word_1_154' title='bbox 852 1691 963 1743; x_wconf 83' lang='lat' dir='ltr'><strong>erat,</strong></span> <span class='ocrx_word' id='word_1_155' title='bbox 1000 1690 1291 1732; x_wconf 78' lang='lat' dir='ltr'><strong>ualidissimas</strong></span> <span class='ocrx_word' id='word_1_156' title='bbox 1330 1705 1429 1733; x_wconf 87' lang='lat' dir='ltr'><strong>cum</strong></span> 
     </span>
     <span class='ocr_line' id='line_1_25' title="bbox 10 1741 1428 1804; baseline 0.006 -22"><span class='ocrx_word' id='word_1_157' title='bbox 10 1748 13 1750; x_wconf 78' lang='grc'><strong>’</strong></span> <span class='ocrx_word' id='word_1_158' title='bbox 80 1741 242 1784; x_wconf 88' lang='lat' dir='ltr'><strong>infirmi</strong></span> <span class='ocrx_word' id='word_1_159' title='bbox 272 1743 371 1797; x_wconf 90' lang='lat' dir='ltr'><strong>equi</strong></span> <span class='ocrx_word' id='word_1_160' title='bbox 402 1743 536 1786; x_wconf 86' lang='lat' dir='ltr'><strong>cauda</strong></span> <span class='ocrx_word' id='word_1_161' title='bbox 567 1745 660 1787; x_wconf 86' lang='lat' dir='ltr'><strong>sine</strong></span> <span class='ocrx_word' id='word_1_162' title='bbox 692 1747 845 1788; x_wconf 87' lang='lat' dir='ltr'><strong>effectu</strong></span> <span class='ocrx_word' id='word_1_163' title='bbox 875 1747 1127 1801; x_wconf 88' lang='lat' dir='ltr'><strong>luctaretur,</strong></span> <span class='ocrx_word' id='word_1_164' title='bbox 1169 1748 1428 1804; x_wconf 75' lang='lat' dir='ltr'><strong>‘naturam&#39;‚</strong></span> 
     </span>
    </p>
   </div>
   <div class='ocr_carea' id='block_1_5' title="bbox 82 1823 364 1829">
    <p class='ocr_par' dir='ltr' id='par_1_5' title="bbox 82 1823 364 1829">
     <span class='ocr_line' id='line_1_26' title="bbox 82 1823 364 1829; baseline 0 0"><span class='ocrx_word' id='word_1_165' title='bbox 82 1823 364 1829; x_wconf 95' lang='lat' dir='ltr'><strong> </strong></span> 
     </span>
    </p>
   </div>
   <div class='ocr_carea' id='block_1_6' title="bbox 81 1869 1432 2388">
    <p class='ocr_par' dir='ltr' id='par_1_6' title="bbox 81 1869 1430 2101">
     <span class='ocr_line' id='line_1_27' title="bbox 177 1869 1428 1921; baseline 0.007 -18"><span class='ocrx_word' id='word_1_166' title='bbox 177 1873 196 1903; x_wconf 88' lang='lat'>1</span> <span class='ocrx_word' id='word_1_167' title='bbox 223 1869 473 1906; x_wconf 86' lang='lat' dir='ltr'><strong>solouocasset</strong></span> <span class='ocrx_word' id='word_1_168' title='bbox 491 1870 548 1905; x_wconf 75' lang='lat'><strong>11¹</strong></span> <span class='ocrx_word' id='word_1_169' title='bbox 570 1871 576 1917; x_wconf 92' lang='grc' dir='ltr'>Ι</span> <span class='ocrx_word' id='word_1_170' title='bbox 598 1875 619 1906; x_wconf 88' lang='grc'><strong>3</strong></span> <span class='ocrx_word' id='word_1_171' title='bbox 644 1873 687 1906; x_wconf 89' lang='lat' dir='ltr'><strong>ut</strong></span> <span class='ocrx_word' id='word_1_172' title='bbox 710 1872 853 1908; x_wconf 86' lang='lat' dir='ltr'><strong>minore</strong></span> <span class='ocrx_word' id='word_1_173' title='bbox 873 1873 919 1907; x_wconf 93' lang='lat' dir='ltr'><strong><em>H</em></strong></span> <span class='ocrx_word' id='word_1_174' title='bbox 935 1877 940 1917; x_wconf 91' lang='grc' dir='ltr'>Ι</span> <span class='ocrx_word' id='word_1_175' title='bbox 964 1878 986 1908; x_wconf 86' lang='grc'>4</span> <span class='ocrx_word' id='word_1_176' title='bbox 1011 1874 1185 1910; x_wconf 78' lang='lat' dir='ltr'><strong>accessiri</strong></span> <span class='ocrx_word' id='word_1_177' title='bbox 1201 1875 1261 1921; x_wconf 68' lang='lat' dir='ltr'><strong>Pl</strong></span> <span class='ocrx_word' id='word_1_178' title='bbox 1288 1881 1309 1911; x_wconf 83' lang='lat'>5</span> <span class='ocrx_word' id='word_1_179' title='bbox 1329 1887 1428 1912; x_wconf 91' lang='lat' dir='ltr'><strong>com-</strong></span> 
     </span>
     <span class='ocr_line' id='line_1_28' title="bbox 81 1917 1429 1968; baseline 0.006 -18"><span class='ocrx_word' id='word_1_180' title='bbox 81 1917 284 1961; x_wconf 83' lang='lat' dir='ltr'><strong>paruerunt</strong></span> <span class='ocrx_word' id='word_1_181' title='bbox 301 1917 381 1952; x_wconf 81' lang='lat' dir='ltr'><strong>edd.</strong></span> <span class='ocrx_word' id='word_1_182' title='bbox 405 1919 410 1961; x_wconf 79' lang='grc' dir='ltr'>Ι</span> <span class='ocrx_word' id='word_1_183' title='bbox 433 1917 522 1963; x_wconf 89' lang='lat' dir='ltr'><strong>quin</strong></span> <span class='ocrx_word' id='word_1_184' title='bbox 535 1918 582 1953; x_wconf 87' lang='lat' dir='ltr'><strong><em>H</em></strong></span> <span class='ocrx_word' id='word_1_185' title='bbox 601 1922 686 1954; x_wconf 76' lang='lat' dir='ltr'><strong>ante</strong></span> <span class='ocrx_word' id='word_1_186' title='bbox 704 1930 795 1955; x_wconf 85' lang='lat' dir='ltr'><strong>corr.</strong></span> <span class='ocrx_word' id='word_1_187' title='bbox 818 1921 822 1964; x_wconf 74' lang='lat' dir='ltr'><strong>l</strong></span> <span class='ocrx_word' id='word_1_188' title='bbox 845 1920 939 1966; x_wconf 79' lang='lat' dir='ltr'><strong>erat]</strong></span> <span class='ocrx_word' id='word_1_189' title='bbox 960 1931 1050 1956; x_wconf 88' lang='lat' dir='ltr'><strong>uera</strong></span> <span class='ocrx_word' id='word_1_190' title='bbox 1067 1921 1114 1956; x_wconf 88' lang='lat' dir='ltr'><strong><em>H</em></strong></span> <span class='ocrx_word' id='word_1_191' title='bbox 1131 1921 1137 1968; x_wconf 90' lang='grc' dir='ltr'>Ι</span> <span class='ocrx_word' id='word_1_192' title='bbox 1159 1925 1180 1957; x_wconf 91' lang='grc'>8</span> <span class='ocrx_word' id='word_1_193' title='bbox 1199 1933 1429 1958; x_wconf 81' lang='lat' dir='ltr'><strong>caesareum-</strong></span> 
     </span>
     <span class='ocr_line' id='line_1_29' title="bbox 82 1963 1430 2014; baseline 0.007 -17"><span class='ocrx_word' id='word_1_194' title='bbox 82 1973 177 2006; x_wconf 85' lang='lat' dir='ltr'><strong>quae</strong></span> <span class='ocrx_word' id='word_1_195' title='bbox 201 1963 248 1999; x_wconf 91' lang='lat' dir='ltr'><strong><em>H</em></strong></span> <span class='ocrx_word' id='word_1_196' title='bbox 268 1964 310 1998; x_wconf 78' lang='lat' dir='ltr'><strong>in</strong></span> <span class='ocrx_word' id='word_1_197' title='bbox 333 1975 407 2001; x_wconf 83' lang='lat' dir='ltr'><strong>ras.</strong></span> <span class='ocrx_word' id='word_1_198' title='bbox 429 1967 435 2009; x_wconf 82' lang='lat'>1</span> <span class='ocrx_word' id='word_1_199' title='bbox 464 1968 508 1999; x_wconf 85' lang='lat'><strong>12</strong></span> <span class='ocrx_word' id='word_1_200' title='bbox 533 1965 640 2000; x_wconf 88' lang='lat' dir='ltr'><strong>uoltu</strong></span> <span class='ocrx_word' id='word_1_201' title='bbox 665 1966 725 2010; x_wconf 87' lang='grc' dir='ltr'><strong>ΡΙ</strong></span> <span class='ocrx_word' id='word_1_202' title='bbox 759 1970 802 2002; x_wconf 87' lang='grc'><strong>13</strong></span> <span class='ocrx_word' id='word_1_203' title='bbox 827 1966 1012 2012; x_wconf 89' lang='lat' dir='ltr'><strong>reliquum</strong></span> <span class='ocrx_word' id='word_1_204' title='bbox 1037 1968 1099 2013; x_wconf 87' lang='grc' dir='ltr'><strong>ΡΙ</strong></span> <span class='ocrx_word' id='word_1_205' title='bbox 1127 1980 1259 2014; x_wconf 87' lang='lat' dir='ltr'><strong>operas</strong></span> <span class='ocrx_word' id='word_1_206' title='bbox 1286 1970 1324 2005; x_wconf 91' lang='lat' dir='ltr'><strong><em>P</em></strong></span> <span class='ocrx_word' id='word_1_207' title='bbox 1346 1974 1430 2006; x_wconf 80' lang='lat' dir='ltr'><strong>ante</strong></span> 
     </span>
     <span class='ocr_line' id='line_1_30' title="bbox 81 2010 1430 2062; baseline 0.007 -19"><span class='ocrx_word' id='word_1_208' title='bbox 81 2019 155 2044; x_wconf 74' lang='lat' dir='ltr'><strong>ras.</strong></span> <span class='ocrx_word' id='word_1_209' title='bbox 189 2011 195 2054; x_wconf 83' lang='grc' dir='ltr'>Ι</span> <span class='ocrx_word' id='word_1_210' title='bbox 235 2021 274 2045; x_wconf 91' lang='lat' dir='ltr'><strong>se</strong></span> <span class='ocrx_word' id='word_1_211' title='bbox 300 2010 388 2046; x_wconf 87' lang='lat' dir='ltr'><strong>dare</strong></span> <span class='ocrx_word' id='word_1_212' title='bbox 412 2022 479 2047; x_wconf 75' lang='lat' dir='ltr'><strong>nos</strong></span> <span class='ocrx_word' id='word_1_213' title='bbox 503 2011 630 2048; x_wconf 86' lang='lat' dir='ltr'><strong>sedere</strong></span> <span class='ocrx_word' id='word_1_214' title='bbox 655 2013 741 2048; x_wconf 89' lang='grc' dir='ltr'><strong>ΗΡ</strong></span> <span class='ocrx_word' id='word_1_215' title='bbox 780 2024 819 2048; x_wconf 86' lang='lat' dir='ltr'><strong>se</strong></span> <span class='ocrx_word' id='word_1_216' title='bbox 843 2014 979 2050; x_wconf 88' lang='lat' dir='ltr'><strong>dedere</strong></span> <span class='ocrx_word' id='word_1_217' title='bbox 1004 2015 1139 2051; x_wconf 80' lang='lat' dir='ltr'><strong>Hartel</strong></span> <span class='ocrx_word' id='word_1_218' title='bbox 1173 2017 1214 2052; x_wconf 87' lang='lat' dir='ltr'><strong>in</strong></span> <span class='ocrx_word' id='word_1_219' title='bbox 1244 2017 1430 2062; x_wconf 88' lang='lat' dir='ltr'><strong>reliquum</strong></span> 
     </span>
     <span class='ocr_line' id='line_1_31' title="bbox 83 2057 451 2101; baseline 0.008 -10"><span class='ocrx_word' id='word_1_220' title='bbox 83 2065 214 2101; x_wconf 85' lang='lat' dir='ltr'><strong>operas</strong></span> <span class='ocrx_word' id='word_1_221' title='bbox 239 2057 348 2092; x_wconf 88' lang='lat' dir='ltr'><strong>edere</strong></span> <span class='ocrx_word' id='word_1_222' title='bbox 372 2059 451 2094; x_wconf 81' lang='lat' dir='ltr'><strong>edd.</strong></span> 
     </span>
    </p>

    <p class='ocr_par' dir='ltr' id='par_1_7' title="bbox 83 2105 1432 2388">
     <span class='ocr_line' id='line_1_32' title="bbox 179 2105 1429 2155; baseline 0.007 -17"><span class='ocrx_word' id='word_1_223' title='bbox 179 2106 225 2138; x_wconf 82' lang='lat'><strong>14</strong></span> <span class='ocrx_word' id='word_1_224' title='bbox 249 2105 396 2140; x_wconf 76' lang='lat' dir='ltr'><strong>titulum</strong></span> <span class='ocrx_word' id='word_1_225' title='bbox 420 2116 486 2141; x_wconf 87' lang='lat' dir='ltr'><strong>om.</strong></span> <span class='ocrx_word' id='word_1_226' title='bbox 516 2105 594 2141; x_wconf 84' lang='lat' dir='ltr'><strong>GH</strong></span> <span class='ocrx_word' id='word_1_227' title='bbox 612 2109 617 2150; x_wconf 82' lang='grc' dir='ltr'>ι</span> <span class='ocrx_word' id='word_1_228' title='bbox 647 2110 690 2141; x_wconf 87' lang='grc'><strong>16</strong></span> <span class='ocrx_word' id='word_1_229' title='bbox 715 2107 810 2143; x_wconf 78' lang='lat' dir='ltr'><strong>idem</strong></span> <span class='ocrx_word' id='word_1_230' title='bbox 833 2109 1033 2154; x_wconf 76' lang='lat' dir='ltr'><strong>exemplum</strong></span> <span class='ocrx_word' id='word_1_231' title='bbox 1056 2113 1091 2153; x_wconf 77' lang='lat'><strong>4,</strong></span> <span class='ocrx_word' id='word_1_232' title='bbox 1110 2113 1147 2155; x_wconf 85' lang='lat'><strong>7,</strong></span> <span class='ocrx_word' id='word_1_233' title='bbox 1166 2114 1189 2146; x_wconf 90' lang='lat'><strong><em>6</em></strong></span> <span class='ocrx_word' id='word_1_234' title='bbox 1218 2113 1223 2155; x_wconf 89' lang='grc' dir='ltr'>Ι</span> <span class='ocrx_word' id='word_1_235' title='bbox 1260 2114 1303 2146; x_wconf 85' lang='grc'><strong>17</strong></span> <span class='ocrx_word' id='word_1_236' title='bbox 1330 2122 1429 2147; x_wconf 83' lang='lat' dir='ltr'><strong>exer-</strong></span> 
     </span>
     <span class='ocr_line' id='line_1_33' title="bbox 83 2148 1432 2202; baseline 0.007 -19"><span class='ocrx_word' id='word_1_237' title='bbox 83 2148 175 2184; x_wconf 87' lang='lat' dir='ltr'><strong>citui</strong></span> <span class='ocrx_word' id='word_1_238' title='bbox 198 2150 259 2194; x_wconf 88' lang='lat' dir='ltr'><strong>H,</strong></span> <span class='ocrx_word' id='word_1_239' title='bbox 291 2152 354 2186; x_wconf 75' lang='lat' dir='ltr'><strong>sed</strong></span> <span class='ocrx_word' id='word_1_240' title='bbox 384 2162 470 2187; x_wconf 88' lang='lat' dir='ltr'><strong>exer</strong></span> <span class='ocrx_word' id='word_1_241' title='bbox 499 2153 622 2188; x_wconf 78' lang='lat' dir='ltr'><strong>eadem</strong></span> <span class='ocrx_word' id='word_1_242' title='bbox 651 2164 748 2189; x_wconf 77' lang='lat' dir='ltr'><strong>man.</strong></span> <span class='ocrx_word' id='word_1_243' title='bbox 779 2158 813 2190; x_wconf 83' lang='lat' dir='ltr'><strong>et</strong></span> <span class='ocrx_word' id='word_1_244' title='bbox 842 2156 905 2191; x_wconf 80' lang='lat' dir='ltr'><strong>alt.</strong></span> <span class='ocrx_word' id='word_1_245' title='bbox 930 2157 945 2191; x_wconf 91' lang='lat' dir='ltr'><strong>i</strong></span> <span class='ocrx_word' id='word_1_246' title='bbox 967 2157 992 2191; x_wconf 81' lang='lat' dir='ltr'><strong><em>h</em></strong></span> <span class='ocrx_word' id='word_1_247' title='bbox 1015 2157 1058 2192; x_wconf 75' lang='lat' dir='ltr'><strong>in</strong></span> <span class='ocrx_word' id='word_1_248' title='bbox 1081 2168 1155 2193; x_wconf 80' lang='lat' dir='ltr'><strong>ras.</strong></span> <span class='ocrx_word' id='word_1_249' title='bbox 1196 2159 1201 2202; x_wconf 88' lang='grc' dir='ltr'>Ι</span> <span class='ocrx_word' id='word_1_250' title='bbox 1243 2161 1287 2193; x_wconf 86' lang='grc'><strong>19</strong></span> <span class='ocrx_word' id='word_1_251' title='bbox 1319 2157 1432 2194; x_wconf 83' lang='lat' dir='ltr'><strong>alteri</strong></span> 
     </span>
     <span class='ocr_line' id='line_1_34' title="bbox 83 2197 1431 2247; baseline 0.007 -16"><span class='ocrx_word' id='word_1_252' title='bbox 83 2197 187 2231; x_wconf 81' lang='lat' dir='ltr'><strong>semel</strong></span> <span class='ocrx_word' id='word_1_253' title='bbox 211 2207 278 2234; x_wconf 86' lang='lat' dir='ltr'><strong>om.</strong></span> <span class='ocrx_word' id='word_1_254' title='bbox 297 2198 357 2243; x_wconf 80' lang='grc' dir='ltr'><strong>ΡΙ</strong></span> <span class='ocrx_word' id='word_1_255' title='bbox 379 2202 425 2233; x_wconf 87' lang='grc'><strong>20</strong></span> <span class='ocrx_word' id='word_1_256' title='bbox 450 2199 632 2246; x_wconf 85' lang='lat' dir='ltr'><strong>adfectos]</strong></span> <span class='ocrx_word' id='word_1_257' title='bbox 660 2201 800 2237; x_wconf 87' lang='lat' dir='ltr'><strong>electos</strong></span> <span class='ocrx_word' id='word_1_258' title='bbox 825 2202 849 2237; x_wconf 82' lang='lat'><strong>1.</strong></span> <span class='ocrx_word' id='word_1_259' title='bbox 874 2203 898 2238; x_wconf 84' lang='grc' dir='ltr'><strong>Ζ.</strong></span> <span class='ocrx_word' id='word_1_260' title='bbox 921 2204 926 2247; x_wconf 87' lang='grc' dir='ltr'>Ι</span> <span class='ocrx_word' id='word_1_261' title='bbox 948 2206 993 2238; x_wconf 80' lang='lat'><strong>23</strong></span> <span class='ocrx_word' id='word_1_262' title='bbox 1019 2204 1238 2240; x_wconf 84' lang='lat' dir='ltr'><strong>ualentioris</strong></span> <span class='ocrx_word' id='word_1_263' title='bbox 1267 2205 1359 2240; x_wconf 73' lang='lat' dir='ltr'><strong>Oua.</strong></span> <span class='ocrx_word' id='word_1_264' title='bbox 1386 2216 1431 2241; x_wconf 74' lang='lat' dir='ltr'><strong>ex</strong></span> 
     </span>
     <span class='ocr_line' id='line_1_35' title="bbox 85 2242 1430 2298; baseline 0.007 -21"><span class='ocrx_word' id='word_1_265' title='bbox 85 2242 108 2278; x_wconf 80' lang='lat'><strong>1.</strong></span> <span class='ocrx_word' id='word_1_266' title='bbox 136 2243 158 2277; x_wconf 82' lang='lat' dir='ltr'><strong>l.</strong></span> <span class='ocrx_word' id='word_1_267' title='bbox 181 2244 187 2288; x_wconf 90' lang='grc'><strong>1</strong></span> <span class='ocrx_word' id='word_1_268' title='bbox 209 2243 357 2290; x_wconf 85' lang='lat' dir='ltr'><strong>singula</strong></span> <span class='ocrx_word' id='word_1_269' title='bbox 382 2245 444 2290; x_wconf 89' lang='grc' dir='ltr'><strong>ΡΙ</strong></span> <span class='ocrx_word' id='word_1_270' title='bbox 476 2245 573 2291; x_wconf 88' lang='lat' dir='ltr'><strong>pilos</strong></span> <span class='ocrx_word' id='word_1_271' title='bbox 597 2248 716 2293; x_wconf 76' lang='lat' dir='ltr'><strong>suppl.</strong></span> <span class='ocrx_word' id='word_1_272' title='bbox 742 2249 821 2284; x_wconf 78' lang='lat' dir='ltr'><strong>edd.</strong></span> <span class='ocrx_word' id='word_1_273' title='bbox 846 2260 891 2285; x_wconf 78' lang='lat' dir='ltr'><strong>ex</strong></span> <span class='ocrx_word' id='word_1_274' title='bbox 915 2251 938 2286; x_wconf 83' lang='lat'><strong>1.</strong></span> <span class='ocrx_word' id='word_1_275' title='bbox 965 2251 987 2285; x_wconf 82' lang='lat' dir='ltr'><strong>l.</strong></span> <span class='ocrx_word' id='word_1_276' title='bbox 1016 2252 1023 2295; x_wconf 87' lang='grc' dir='ltr'>Ι</span> <span class='ocrx_word' id='word_1_277' title='bbox 1058 2254 1104 2286; x_wconf 75' lang='grc'><strong>24</strong></span> <span class='ocrx_word' id='word_1_278' title='bbox 1127 2251 1296 2298; x_wconf 86' lang='lat' dir='ltr'><strong>fecisset]</strong></span> <span class='ocrx_word' id='word_1_279' title='bbox 1319 2251 1430 2287; x_wconf 88' lang='lat' dir='ltr'><strong>uicis-</strong></span> 
     </span>
     <span class='ocr_line' id='line_1_36' title="bbox 85 2290 1430 2342; baseline 0.008 -19"><span class='ocrx_word' id='word_1_280' title='bbox 85 2291 143 2324; x_wconf 88' lang='lat' dir='ltr'><strong>set</strong></span> <span class='ocrx_word' id='word_1_281' title='bbox 167 2290 214 2324; x_wconf 88' lang='lat' dir='ltr'><strong><em>H</em></strong></span> <span class='ocrx_word' id='word_1_282' title='bbox 245 2291 377 2336; x_wconf 85' lang='lat' dir='ltr'><strong>gracili</strong></span> <span class='ocrx_word' id='word_1_283' title='bbox 400 2293 638 2330; x_wconf 83' lang='lat' dir='ltr'><strong>successisset</strong></span> <span class='ocrx_word' id='word_1_284' title='bbox 661 2294 797 2331; x_wconf 69' lang='lat' dir='ltr'><strong>Har-tel</strong></span> <span class='ocrx_word' id='word_1_285' title='bbox 825 2307 870 2332; x_wconf 76' lang='lat' dir='ltr'><strong>ex</strong></span> <span class='ocrx_word' id='word_1_286' title='bbox 894 2297 916 2332; x_wconf 81' lang='lat'><strong>1.</strong></span> <span class='ocrx_word' id='word_1_287' title='bbox 943 2297 965 2332; x_wconf 80' lang='lat' dir='ltr'><strong>l.</strong></span> <span class='ocrx_word' id='word_1_288' title='bbox 1000 2299 1006 2342; x_wconf 83' lang='grc' dir='ltr'>Ι</span> <span class='ocrx_word' id='word_1_289' title='bbox 1046 2301 1092 2332; x_wconf 86' lang='grc'><strong>25</strong></span> <span class='ocrx_word' id='word_1_290' title='bbox 1116 2297 1271 2333; x_wconf 87' lang='lat' dir='ltr'><strong>infirmis</strong></span> <span class='ocrx_word' id='word_1_291' title='bbox 1297 2298 1344 2333; x_wconf 91' lang='lat' dir='ltr'><strong><em>H</em></strong></span> <span class='ocrx_word' id='word_1_292' title='bbox 1374 2298 1430 2334; x_wconf 91' lang='lat' dir='ltr'><strong>in-</strong></span> 
     </span>
     <span class='ocr_line' id='line_1_37' title="bbox 84 2335 845 2388; baseline 0.011 -18"><span class='ocrx_word' id='word_1_293' title='bbox 84 2335 254 2373; x_wconf 80' lang='lat' dir='ltr'><strong>firmioris</strong></span> <span class='ocrx_word' id='word_1_294' title='bbox 279 2338 431 2383; x_wconf 74' lang='lat' dir='ltr'><strong>Har-tel,</strong></span> <span class='ocrx_word' id='word_1_295' title='bbox 454 2341 516 2376; x_wconf 81' lang='lat' dir='ltr'><strong>sed</strong></span> <span class='ocrx_word' id='word_1_296' title='bbox 539 2341 585 2383; x_wconf 79' lang='lat' dir='ltr'><strong>cf.</strong></span> <span class='ocrx_word' id='word_1_297' title='bbox 606 2342 726 2386; x_wconf 77' lang='lat' dir='ltr'><strong>praef.</strong></span> <span class='ocrx_word' id='word_1_298' title='bbox 752 2341 780 2388; x_wconf 64' lang='grc' dir='ltr'><strong>,ξ</strong></span> <span class='ocrx_word' id='word_1_299' title='bbox 800 2345 845 2378; x_wconf 82' lang='lat'><strong>14</strong></span> 
     </span>
    </p>
   </div>
   <div class='ocr_carea' id='block_1_7' title="bbox 1453 760 1498 792">
    <p class='ocr_par' dir='ltr' id='par_1_8' title="bbox 1453 760 1498 792">
     <span class='ocr_line' id='line_1_38' title="bbox 1453 760 1498 792; baseline 0 0"><span class='ocrx_word' id='word_1_300' title='bbox 1453 760 1498 792; x_wconf 89' lang='lat'><strong>10</strong></span> 
     </span>
    </p>
   </div>
   <div class='ocr_carea' id='block_1_8' title="bbox 1454 1128 1496 1159">
    <p class='ocr_par' dir='ltr' id='par_1_9' title="bbox 1454 1128 1496 1159">
     <span class='ocr_line' id='line_1_39' title="bbox 1454 1128 1496 1159; baseline 0 0"><span class='ocrx_word' id='word_1_301' title='bbox 1454 1128 1496 1159; x_wconf 88' lang='lat'><strong>15</strong></span> 
     </span>
    </p>
   </div>
   <div class='ocr_carea' id='block_1_9' title="bbox 1451 1466 1497 1497">
    <p class='ocr_par' dir='ltr' id='par_1_10' title="bbox 1451 1466 1497 1497">
     <span class='ocr_line' id='line_1_40' title="bbox 1451 1466 1497 1497; baseline 0 0"><span class='ocrx_word' id='word_1_302' title='bbox 1451 1466 1497 1497; x_wconf 80' lang='lat'><strong>20</strong></span> 
     </span>
    </p>
   </div>
   <div class='ocr_carea' id='block_1_10' title="bbox 1453 1758 1499 1790">
    <p class='ocr_par' dir='ltr' id='par_1_11' title="bbox 1453 1758 1499 1790">
     <span class='ocr_line' id='line_1_41' title="bbox 1453 1758 1499 1790; baseline 0 0"><span class='ocrx_word' id='word_1_303' title='bbox 1453 1758 1499 1790; x_wconf 82' lang='lat'><strong>25</strong></span> 
     </span>
    </p>
   </div>
  </div>
 </body>
</html>
