1612 2488
145 821 188 854 10

144 1117 186 1149 15

139 1411 183 1445 20

140 1706 184 1738 25

215 49 272 92 96
489 50 591 87 IULI
615 50 850 88 FRONTINI
875 50 1309 90 STRATEGEMATON

303 159 344 203 2.
389 159 452 202 Ti.
485 158 726 214 Gracchus,
757 160 978 203 Lusitanis
1010 161 1250 205 dicentibus
1280 162 1327 206 in
1357 162 1399 206 X
1430 177 1566 208 annos

214 218 379 262 cibaria
405 233 450 261 se
475 219 636 262 habere
662 221 706 262 et
730 219 826 263 ideo
853 220 1122 264 obsidionem
1151 236 1241 265 non
1271 236 1568 278 expauescere,

214 276 486 331 ‘undecimo'‚
516 278 676 334 inquit,
707 278 836 322 eanno
873 294 953 322 uos
985 280 1186 336 capiam':
1223 296 1310 338 qua
1338 296 1444 325 uoce
1474 297 1568 338 per·

213 337 357 380 territi
405 337 625 390 Lusitani,
678 338 937 394 quam<uis>
986 339 1189 383 instructi
1241 341 1567 398 commeatibus,

215 397 366 439 statim
398 412 444 440 se
477 396 745 440 dediderunt.

303 456 342 499 3.
385 456 438 500 A.
476 455 699 513 Torquato
737 456 946 500 Graecam
976 457 1128 501 urbem
1169 460 1438 516 oppugnanti
1469 474 1568 503 cum

213 514 447 571 diceretur,
490 516 760 559 iuuentutem
797 516 860 559 ibi
898 517 1089 561 studiose
1126 518 1279 561 iaculis
1318 522 1361 561 et
1392 519 1567 576 sagIttis

213 576 414 631 exerceri,
446 575 598 631 ‘pluris
632 574 756 631 eam',
786 576 942 632 inquit,
975 575 1242 633 ‘propediem
1272 577 1486 622 uendam'.

298 714 358 751 VI.
396 714 461 749 DE
487 714 826 752 DISTRICTIONE
850 714 1221 753 PRAESIDIORUM
1244 716 1476 754 HOSTIUM.

305 812 342 855 1.
376 810 534 868 Scipio,
559 811 808 855 Hannibale
827 813 872 855 in
893 811 1088 855 Africam
1106 827 1295 870 reuerso,
1326 828 1423 857 cum
1441 815 1568 871 plura

213 870 387 927 oppida,
419 886 530 927 quae
560 872 673 915 ratio
705 872 773 914 illi
802 872 850 914 in
874 874 1137 928 potestatem
1168 873 1402 930 redigenda
1432 873 1567 916 dicta-

212 929 301 985 bat,
331 930 468 973 firmis
494 931 722 987 praesidiis
749 932 945 974 diuersae
970 932 1108 987 partis
1135 932 1444 989 obtinerentur,
1469 933 1567 976 sub-

211 988 312 1031 inde
351 990 542 1045 aliquam
580 1005 758 1033 manum
803 990 1091 1034 submittebat
1128 991 1183 1034 ad
1218 991 1463 1035 infestanda
1506 1006 1566 1035 ea.

211 1049 450 1091 nouissime
483 1049 616 1093 etiam
641 1052 865 1105 tamquam
897 1050 1142 1105 direpturus
1174 1051 1374 1094 ciuitates
1404 1050 1566 1107 aderat,

213 1107 364 1150 deinde
415 1109 617 1152 simulato
666 1112 786 1151 metu
834 1108 1090 1165 refugiebat.
1155 1109 1402 1166 Hannibal,
1445 1112 1566 1153 ratus

212 1181 361 1210 ueram
388 1182 480 1210 esse
507 1169 597 1211 eius
622 1168 970 1224 trepidationem,
1000 1168 1193 1211 deductis
1224 1168 1413 1225 undique
1443 1183 1567 1224 prae-

212 1226 355 1282 sidiis,
393 1229 619 1283 tamquam
651 1227 702 1270 de
735 1242 904 1270 summa
935 1242 1082 1270 rerum
1119 1227 1414 1270 decertaturus
1457 1228 1568 1270 inse-

213 1286 286 1340 qui
312 1287 473 1341 coepit:
505 1287 568 1330 ita
594 1288 849 1330 consecutus
871 1285 1030 1342 Scipio,
1062 1286 1177 1343 quod
1206 1287 1404 1343 petierat,
1434 1286 1567 1330 nuda-

212 1346 282 1388 tas
307 1346 704 1402 propugnatoribus
730 1346 849 1389 urbis
880 1360 959 1401 per
983 1345 1261 1390 Masinissam
1293 1348 1336 1389 et
1354 1344 1566 1390 Numidas

211 1418 257 1447 ce
289 1405 335 1448 it.

259 1419 341 1505 ΡΞ.
385 1463 429 1505 Ρ.
458 1463 684 1507 Cornelius
711 1462 867 1519 Scipio,
899 1463 1122 1506 intellecta
1153 1463 1408 1506 difficultate
1439 1477 1567 1519 expu-

212 1522 373 1577 gnandi
394 1522 653 1574 Delminum,
679 1523 781 1578 quia
801 1537 1013 1565 concursu
1032 1522 1226 1565 omnium
1246 1521 1566 1577 defendebatur,

213 1581 390 1638 adgredi
422 1582 509 1624 alia
540 1581 699 1637 oppida
735 1582 878 1637 coepit
916 1583 959 1623 et
1002 1581 1193 1624 euocatis
1226 1580 1280 1623 ad
1312 1595 1390 1623 sua
1421 1580 1566 1624 defen-

212 1640 350 1683 denda
382 1641 566 1697 singulis
598 1643 828 1684 uacuatam
861 1640 1032 1683 auxiliis
1063 1640 1313 1683 Delminum
1344 1640 1471 1695 cepit.

300 1701 340 1744 3.
382 1700 578 1756 Pyrrhus
603 1700 882 1756 Epirotarum
913 1715 989 1743 rex
1020 1700 1225 1742 aduersus
1250 1699 1440 1754 Illyrios,
1469 1714 1566 1742 cum

212 1759 434 1802 ciuitatem
468 1775 576 1815 quae
609 1763 740 1815 caput
772 1759 912 1816 gentis
952 1761 1046 1802 erat
1075 1758 1269 1815 redigere
1300 1758 1344 1800 in
1375 1760 1567 1814 potesta-

309 1882 326 1912 1
360 1878 401 1912 Τ.
429 1877 535 1919 ΗΡ,
567 1887 658 1913 corr.
685 1877 711 1912 d
738 1876 743 1923 Ι
778 1875 1001 1911 ducentibus
1034 1875 1081 1911 H
1101 1878 1186 1911 ante
1216 1884 1289 1910 ras.
1330 1876 1335 1918 1
1375 1873 1415 1908 in
1438 1872 1473 1909 X
1498 1883 1565 1910 om.

211 1923 268 1959 H1
295 1923 302 1971 Ι
331 1928 351 1959 3
378 1936 451 1969 quo
478 1925 524 1959 H
551 1925 556 1969 Ι
578 1928 600 1963 4
626 1923 798 1968 quamuis
824 1923 848 1959 d
873 1934 986 1968 quam
1010 1922 1096 1958 ΗΡ
1116 1930 1343 1968 quamquam
1366 1920 1446 1956 edd.

307 1974 327 2006 9
354 1970 607 2007 destructione
627 1971 686 2015 ΡΙ
708 1970 901 2007 hostilium
921 1981 962 2016 p.
989 1972 1050 2013 89,
1075 1973 1095 2004 1
1119 1970 1124 2014 Ι
1148 1973 1191 2004 13
1224 1967 1472 2004 submittebat
1497 1977 1564 2004 om.

210 2018 269 2053 Ηι
291 2020 297 2065 Ι
319 2018 377 2064 ea]
405 2018 468 2065 ass
491 2021 584 2063 (una
609 2019 678 2054 litt.
705 2020 825 2063 erasa)
840 2017 899 2054 ΗἸ
920 2019 926 2063 Ι
950 2020 993 2052 14
1018 2014 1320 2052 nouissimineH
1340 2017 1425 2051 ante
1449 2014 1564 2061 corn!

211 2066 357 2101 adierat
380 2066 403 2101 h
455 2070 496 2101 17
524 2076 647 2101 rerum
671 2068 727 2108 (re
746 2066 789 2101 in
807 2076 879 2101 ras.
899 2065 939 2109 h)
954 2064 999 2100 H
1016 2066 1021 2107 Ι
1043 2063 1299 2099 decertaturus
1319 2063 1345 2098 d
1369 2062 1566 2098 deauratu-

210 2124 273 2149 rus
305 2112 393 2148 ΗΡ
424 2113 640 2149 decreturus
669 2113 761 2149 Oud.
794 2114 799 2158 Ι
835 2116 878 2148 18
913 2111 1055 2147 nudata
1079 2110 1126 2146 H
1154 2111 1160 2156 Ι
1196 2113 1238 2145 19
1269 2110 1566 2162 propugnatores

211 2160 269 2196 H¹
299 2160 549 2206 propugnatio
570 2188 577 2196 .
598 2171 656 2195 res
680 2161 704 2195 h
737 2162 743 2205 Ι
774 2160 884 2196 urbes
909 2159 946 2195 P
975 2159 981 2205 Ι
1013 2157 1213 2194 manissam
1243 2157 1290 2193 H
1293 2157 1304 2177 ²
1331 2157 1336 2204 Ι
1364 2160 1409 2192 22
1435 2156 1567 2192 delmi-

211 2206 315 2243 nium
346 2208 388 2243 d.-
419 2209 503 2244 item
527 2208 632 2251 infra
655 2207 660 2253 Ι
694 2211 739 2242 23
764 2208 859 2251 forte
883 2206 1066 2243 auocatis:
1094 2205 1140 2249 cf.
1160 2215 1200 2250 p.
1227 2208 1292 2249 20,
1317 2206 1364 2240 13
1391 2205 1396 2250 Ι
1431 2206 1478 2238 24.
1501 2213 1566 2239 ua-

212 2256 362 2290 cuatum
389 2255 486 2291 edd:
510 2255 572 2291 sed
597 2255 643 2298 cf.
664 2265 704 2299 p.
732 2257 791 2298 93,
816 2257 867 2291 23
889 2255 895 2300 Ι
917 2258 962 2290 25
987 2252 1103 2298 Pyms
1128 2252 1166 2288 P
1189 2252 1194 2298 Ι
1222 2262 1286 2287 rex
1311 2262 1378 2288 om.
1404 2250 1463 2286 H¹
1484 2251 1491 2296 Ι
1511 2250 1566 2296 yl-

211 2299 315 2338 lirios
342 2302 387 2337 H
405 2305 411 2349 Ι
444 2306 489 2338 26
513 2301 634 2338 redire
660 2301 706 2336 H
733 2301 875 2337 rediere
901 2301 952 2337 P.-
977 2311 1069 2336 corr.
1095 2300 1120 2335 d
