1612 2488
484 105 631 142 LIBER
654 104 719 141 ΠΙ.
757 103 861 141 CAP.
889 107 1038 140 10-11.
1353 102 1439 145 105

178 216 219 258 9.
262 215 402 258 Barca
432 215 517 257 dux
547 213 791 257 Poenorum
820 213 866 255 in
897 211 1045 256 Sicilia
1075 211 1331 267 Lilybaeum
1362 226 1437 254 no-

91 274 192 318 stris
221 277 343 317 terra
378 273 572 329 marique
610 272 908 315 obsidentibus
948 274 1119 327 partem
1152 271 1303 314 classis
1334 285 1436 312 suae

90 334 240 389 procul
283 335 494 376 armatam
538 332 665 374 iussit
702 331 889 374 ostendi:
933 331 986 372 ad
1027 331 1119 372 eius
1161 332 1438 384 conspectum

90 407 186 436 cum
224 392 469 435 euolassent
504 390 644 433 nostri
658 424 668 444 ,
710 391 803 446 ipse
840 389 1016 445 reliquis
1054 404 1162 445 quas
1193 389 1239 430 in
1270 389 1439 432 occulto

90 454 290 494 tenuerat
317 451 502 493 nauibus
533 449 733 504 Lilybaei
762 452 938 505 portum
969 448 1208 503 occupauit.
1467 458 1489 490 5

346 577 409 614 XI.
446 577 511 613 DE
536 576 870 613 SIMULATIONE
895 575 1186 612 REGRESSUS.

186 653 223 694 1.
265 649 503 693 Phormion
534 650 618 692 dux
649 650 995 704 Atheniensium,
1025 663 1121 691 cum
1155 647 1440 703 depopulatus

93 712 207 753 esset
246 723 374 766 agros
411 707 784 763 Chalcidensium,
826 709 979 765 legatis
1020 722 1171 750 eorum
1211 707 1262 749 de
1304 721 1355 749 ea
1396 721 1442 748 re

92 769 369 824 querentibus
399 769 586 824 benigne
616 767 841 823 respondit
871 770 914 809 et
945 769 1095 821 nocte,
1128 781 1214 822 qua
1245 766 1443 808 dimissu-

92 842 168 870 rus
199 828 299 870 illos
330 831 440 882 erat,
480 827 605 869 finxit
635 827 805 869 litteras
838 826 922 868 sibi
954 826 1250 880 superuenisse
1282 826 1443 866 ciuium
1469 836 1514 868 10

96 901 284 940 suorum,
313 890 492 942 propter
522 901 628 942 quas
659 885 922 927 redeundum
953 885 1147 928 haberet.
1184 898 1234 926 ac
1264 884 1442 939 paulum

93 959 317 1001 regressus
353 944 517 987 dimisit
564 945 755 1000 legatos:
797 943 866 986 his
905 943 1050 986 omnia
1086 946 1183 985 tuta
1219 945 1264 984 et
1300 943 1442 985 abisse

93 1003 399 1046 Phormionem
434 1004 804 1054 renuntiantibus,
842 1001 1147 1045 Chalcidenses
1185 1016 1260 1058 spe
1292 1004 1336 1044 et
1367 1002 1444 1043 ob-

94 1062 212 1105 latae
240 1061 526 1105 humanitatis
564 1064 608 1104 et
645 1062 819 1104 abducti
856 1062 1069 1104 exercitus
1109 1060 1291 1103 remissa
1322 1061 1442 1102 urbis

95 1121 300 1174 custodia,
321 1135 416 1163 cum
436 1121 663 1164 confestim
682 1120 914 1163 Phormion
934 1120 1196 1171 reuertisset,
1214 1120 1443 1174 prohibere
1470 1130 1514 1162 15

94 1180 434 1235 inexspectatam
465 1180 554 1222 uim
584 1195 671 1222 non
703 1181 950 1235 potuerunt.

184 1239 224 1282 2.
266 1239 495 1294 Agesilaus
527 1238 612 1280 dux
642 1238 1092 1292 Lacedaemoniorum,
1122 1252 1221 1280 eum
1252 1237 1444 1279 Phocen-

98 1311 167 1340 ses
205 1297 419 1339 obsideret
457 1300 500 1339 et
540 1298 823 1340 intellexisset
854 1312 944 1351 eos,
986 1298 1059 1352 qui
1095 1300 1198 1339 tunc
1229 1296 1443 1351 praesidio

96 1355 186 1398 illis
217 1359 364 1408 erant,
394 1356 483 1398 iam
512 1356 687 1411 grauari
717 1356 820 1398 belli
850 1356 1138 1410 incommoda,
1175 1356 1352 1411 paulum
1382 1369 1446 1396 re-

97 1428 271 1471 gressus
313 1417 536 1469 tamquam
586 1415 640 1456 ad
684 1415 792 1457 alios
830 1417 951 1457 actus
993 1414 1174 1456 liberam
1218 1413 1444 1456 recedendi
1469 1424 1516 1456 20

97 1473 364 1517 occasionem
394 1473 462 1516 his
499 1473 633 1515 dedit:
668 1488 755 1516 non
793 1474 930 1516 multo
963 1476 1062 1529 post
1101 1473 1236 1515 milite
1266 1472 1444 1515 reducto

98 1532 328 1575 destitutos
359 1532 602 1575 Phocenses
634 1534 865 1587 superauit.

188 1591 229 1633 3.
270 1590 516 1632 Alcibiades
544 1591 748 1634 aduersus
769 1591 1017 1646 Byzantios,
1048 1592 1122 1646 qui
1148 1605 1193 1633 se
1219 1591 1444 1632 moenibus

47 1663 52 1666 ’
99 1649 389 1702 continebant,
419 1650 596 1691 insidias
623 1650 835 1705 disposuit
860 1654 903 1691 et
929 1650 1134 1692 simulato
1159 1663 1357 1719 regressu
1381 1649 1444 1690 in-

101 1709 248 1750 cautos
280 1722 353 1749 eos
386 1708 612 1762 oppressit.
1470 1717 1515 1750 25

188 1766 228 1808 4
270 1765 509 1820 Viriathus,
540 1781 637 1808 cum
661 1766 794 1808 tridui
819 1767 901 1808 iter
926 1766 1146 1808 discedens
1180 1765 1445 1820 confecisset,

99 1823 214 1866 idem
243 1824 350 1866 illud
375 1839 462 1866 uno
489 1800 556 1866 die
587 1839 807 1866 remensus
840 1839 1011 1867 securos
1032 1824 1370 1881 Segobrigenses
1403 1828 1446 1867 et

102 1883 309 1926 sacrificio
342 1898 438 1925 cum
469 1884 654 1925 maxime
686 1886 917 1938 occupatos
950 1885 1177 1939 oppressit.

197 2014 217 2045 1
243 2011 389 2047 Barcha
412 2011 458 2047 H
481 2013 487 2056 Ι
521 2015 540 2046 7
567 2011 739 2046 Formion
764 2011 809 2045 H
814 2010 875 2057 ΡΙ
904 2014 926 2046 8
951 2010 1243 2047 calchidensium
1268 2011 1377 2055 ΗΡΙ
1404 2022 1443 2047 re

102 2058 341 2102 querentibus
365 2059 391 2094 d
414 2069 454 2093 re
480 2058 743 2102 quaerentibus
769 2058 815 2093 H
834 2057 1108 2102 requirentibus
1132 2059 1193 2102 ΡΙ
1215 2063 1236 2094 9
1263 2058 1444 2093 demissu-

102 2115 163 2139 ros
182 2104 250 2148 ΗΙ
283 2109 324 2140 11
345 2115 389 2140 ac
407 2116 470 2140 om
488 2105 545 2140 H¹
568 2105 574 2150 Ι
609 2109 652 2140 12
678 2104 724 2140 118
739 2105 776 2139 P
795 2106 802 2149 Ι
836 2108 880 2140 13
903 2105 1134 2150 phormonen
1159 2106 1205 2141 H
1224 2106 1445 2140 formionem

102 2151 140 2186 P
157 2152 164 2194 Ι
185 2150 436 2188 calchidenses
450 2153 496 2188 H
511 2151 737 2187 calcidenses
751 2152 811 2196 ΡΙ
833 2163 849 2186 s
851 2154 914 2199 pe]
933 2153 1006 2188 fide
1024 2153 1255 2189 Wachsmuth
1277 2155 1283 2196 1
1307 2156 1350 2187 15
1369 2150 1444 2186 for·

102 2196 205 2233 mion
229 2198 315 2234 ΗΡ
336 2201 341 2240 Ι
370 2203 414 2234 17
438 2200 525 2244 Hag
526 2199 662 2234 esilaus
688 2199 732 2234 H
755 2198 761 2245 Ι
787 2199 957 2235 focenses
981 2200 1026 2244 P,
1051 2202 1135 2235 item
1159 2200 1264 2242 infra
1291 2201 1296 2244 Ι
1321 2203 1363 2234 19
1388 2199 1444 2234 in-

106 2245 297 2280 commodo
322 2246 382 2291 ΡΙ
410 2250 456 2281 20
480 2245 632 2281 liberari
657 2245 846 2281 recidendi
869 2246 914 2281 H
936 2249 943 2291 Ι
969 2250 1012 2282 21
1039 2246 1087 2282 iis
1111 2247 1149 2281 P
1173 2249 1177 2288 l
1206 2250 1251 2281 23
1277 2245 1444 2291 yzantios

104 2291 196 2335 ΗΡ,
219 2302 312 2328 corr.
336 2294 414 2328 edd.
436 2295 442 2335 1
463 2297 511 2328 24
534 2303 724 2338 regressus
746 2293 793 2328 H
809 2295 815 2339 1
842 2297 888 2329 25
914 2294 991 2330 eius
1016 2294 1060 2328 H
1078 2296 1084 2338 Ι
1111 2298 1157 2328 26
1184 2293 1347 2328 Viriatus
1374 2293 1411 2327 P
1437 2293 1441 2338 1

106 2342 150 2374 27
177 2349 325 2374 securus
344 2340 404 2385 ΡΙ
431 2343 476 2375 28
501 2341 580 2375 tum
608 2341 645 2375 P
678 2342 760 2375 tum
783 2351 868 2376 cum
892 2342 990 2377 edd:
1014 2342 1062 2384 ef.
1081 2352 1121 2386 p.
1148 2344 1209 2383 80,
1233 2343 1280 2375 14
