1612 2488
550 122 696 159 LIBER
718 122 747 158 Ι.
784 121 887 158 ΟΔΡ.
913 125 945 157 8.
1371 117 1425 159 27

78 233 510 290 Carthaginiensibus
540 231 731 273 habebat
761 229 1069 284 consiliumque
1100 229 1191 270 eius
1220 227 1426 269 aduersus

78 294 301 338 Romanos
324 291 578 345 instruebat,
603 289 764 333 crebris
790 303 886 331 cum
912 287 1161 330 Hannibale
1187 286 1427 341 conloquiis

77 353 328 404 effecerunt,
358 353 408 393 ut
436 350 475 393 is
505 349 598 404 regi
628 349 750 390 fieret
777 350 1019 402 suspectus,
1050 346 1119 389 cui
1150 345 1426 402 gratissimus

79 411 275 466 alioquin
306 413 349 452 et
379 409 497 452 utilis
523 410 615 450 erat
644 409 822 463 propter
845 406 1128 448 calliditatem
1154 408 1199 447 et
1223 404 1426 460 peritiam

79 469 280 513 bellandi.

169 529 208 572 8.
245 526 295 577 Q.
318 525 518 569 Metellus
550 524 754 568 aduersus
786 523 1044 579 Iugurtham
1076 523 1241 565 bellum
1271 535 1427 578 gerens

78 588 237 630 missos
269 585 324 629 ad
354 600 399 628 se
430 585 600 640 legatos
631 584 722 626 eius
753 582 958 638 corrupit,
996 585 1046 624 ut
1084 581 1168 624 sibi
1199 581 1428 636 proderent

80 660 246 702 regem3
277 659 374 688 cum
405 646 450 686 et
481 643 556 686 alii
580 643 820 696 uenissent,
851 642 964 684 idem
995 641 1116 695 fecit3
1149 640 1301 682 eodem
1333 654 1429 682 con-

80 705 179 748 silio
208 718 312 746 usus
344 706 411 746 est
440 705 483 745 et
514 701 720 744 aduersus
751 701 917 743 tertios.
981 700 1055 742 sed
1086 699 1139 742 de
1171 698 1428 755 captiuitate

78 763 314 819 Iugurthae
343 776 413 804 res
442 776 595 817 parum
626 760 849 816 processit:
887 759 1038 801 uiuum
1067 759 1181 801 enim
1206 757 1321 800 tradi
1346 758 1428 799 sibi

77 822 264 865 uolebat.
323 821 558 876 plurimum
594 823 741 862 tamen
778 820 1030 861 consecutus
1068 821 1154 859 est:
1190 831 1294 859 nam
1331 830 1426 858 eum

78 881 343 935 interceptae
385 879 571 921 fuissent
615 877 825 933 epistulae
863 877 953 918 eius
992 876 1045 918 ad
1082 876 1226 931 regios
1265 875 1427 918 amicos

80 940 285 994 scriptae,
320 938 368 980 in
406 938 546 980 omnis
579 951 651 979 eos
683 950 758 978 rex
790 935 1099 978 animaduertit
1130 934 1428 989 spoliatusque

81 997 271 1040 consiliis
303 996 465 1039 amicos
496 999 648 1051 postea
677 1009 831 1050 parare
861 1009 949 1037 non
979 994 1133 1049 potuit.

168 1057 210 1099 9.
248 1055 295 1099 G.
326 1054 504 1109 Caesar,
545 1068 623 1110 per
658 1057 885 1109 exceptum
922 1052 1136 1108 quendam
1175 1055 1428 1108 aquatorem

78 1129 177 1158 cum
211 1114 493 1170 comperisset-
521 1113 748 1155 Afranium
779 1112 1080 1167 Petreiumque
1118 1114 1261 1154 castra
1297 1114 1427 1153 noctu

79 1176 294 1228 moturos,
341 1175 391 1215 ut-
435 1172 545 1215 citra
593 1171 867 1214 uexationem
919 1185 1094 1213 suorum
1142 1170 1323 1212 hostilia
1367 1170 1430 1211 in-

79 1233 247 1288 pediret
277 1231 473 1286 consilia,
511 1231 637 1273 initio
670 1231 817 1272 statim
848 1230 989 1272 noctis
1021 1244 1126 1271 uasa
1158 1229 1428 1271 conclamare

81 1291 241 1333 milites
266 1293 311 1333 et
334 1293 505 1345 praeter
532 1289 874 1331 aduersariorum
899 1291 1043 1331 castra
1068 1288 1139 1344 agi
1166 1288 1306 1330 mulos
1333 1301 1430 1329 cum

81 1349 258 1391 fremitu
294 1352 338 1392 et
374 1363 479 1391 sono
516 1348 659 1390 iussit:
699 1348 949 1390 continuere
988 1361 1051 1401 se,
1089 1361 1197 1402 quos
1236 1349 1428 1388 retentos

79 1407 274 1463 uolebat,
304 1407 501 1450 arbitrati
532 1410 675 1450 castra
705 1405 933 1449 Caesarem
964 1420 1150 1448 mouere.

171 1467 239 1510 10.
282 1465 427 1522 Scipio
463 1466 694 1508 Africanus
738 1466 791 1507 ad
832 1464 1084 1519 excipienda
1127 1464 1288 1506 auxilia
1333 1477 1429 1505 cum

80 1525 392 1568 commeatibus
429 1524 667 1567 Hannibali
709 1524 960 1578 ueni<entia
994 1523 1259 1577 Min>ucium
1297 1522 1429 1564 Ther-

80 1599 200 1627 mum
230 1584 412 1637 dimisit,
436 1584 529 1638 ipse
560 1584 862 1625 subuenturus.

173 1643 240 1685 11.
276 1642 510 1697 Dionysius
543 1641 912 1696 Syracusanorum
942 1644 1172 1695 tyrannus,
1203 1654 1299 1682 cum
1331 1639 1430 1681 Afri

81 1701 252 1756 ingenti
294 1700 570 1742 multitudine
612 1700 834 1742 traiecturi
878 1703 1023 1741 essent
1058 1700 1106 1740 in
1143 1697 1337 1740 Siciliam
1376 1697 1430 1740 ad

82 1773 183 1802 eum
213 1759 565 1814 oppugnandum,
596 1759 776 1800 castella
806 1758 1005 1812 pluribus
1036 1757 1143 1799 locis
1176 1756 1430 1799 communiit

85 1817 419 1872 custodibusque
450 1817 687 1872 praecepit,
721 1819 770 1858 ut
801 1830 850 1857 ea
882 1816 1126 1858 aduenienti
1156 1815 1273 1858 hosti
1305 1815 1428 1857 dede-

83 1879 182 1919 rent
210 1876 460 1932 dimissique
491 1874 723 1931 Syracusas
755 1875 920 1917 occulte
950 1874 1151 1916 redirent.
1206 1874 1327 1916 Afris
1358 1888 1429 1916 ne-

180 1984 199 2014 1
225 1979 571 2026 carthaginensibus
586 1979 632 2014 H
649 1982 653 2022 1
685 1982 707 2013 3
726 1978 885 2014 efferunt
897 1978 943 2014 H
957 1982 1042 2014 ante
1058 1989 1151 2014 corr.
1173 1978 1179 2024 1
1201 1982 1224 2012 4
1243 1978 1429 2024 alioquin]

83 2025 250 2072 alloquio
269 2026 338 2072 H}
359 2031 382 2063 6
399 2026 459 2061 iur
476 2026 652 2072 gurtham
671 2026 717 2061 H
734 2028 739 2070 Ι
764 2029 806 2060 10
826 2025 884 2060 inr
901 2025 1061 2070 gurthae
1079 2025 1125 2060 H
1143 2031 1148 2062 l
1172 2029 1215 2060 12
1235 2025 1429 2070 incoeptae

85 2073 145 2109 11¹
166 2076 172 2118 Ι
194 2077 239 2109 14
264 2073 485 2109 consiliariis
501 2074 527 2109 d
548 2075 553 2118 Ι
577 2076 621 2108 18
641 2073 813 2119 consilia]
834 2084 918 2108 cum
937 2071 1092 2108 consilio
1111 2072 1158 2107 H
1174 2073 1180 2117 l
1202 2071 1430 2108 conclamari

84 2120 196 2156 addo
219 2119 360 2156 milites
372 2119 423 2156 D.
442 2120 591 2156 Vossius
612 2119 617 2165 Ι
644 2123 690 2155 20
715 2131 845 2155 sonum
867 2120 929 2164 ΡΙ
951 2120 1167 2155 continuare
1191 2119 1283 2163 hP1
1305 2130 1343 2153 se
1362 2129 1429 2154 om.

88 2166 150 2210 ΡΙ
183 2177 297 2212 equos
319 2167 366 2203 H
398 2167 434 2202 ei
458 2177 552 2212 quos
577 2167 711 2203 Hartel
741 2169 747 2211 1
779 2170 824 2202 21
851 2166 1026 2202 arbitrari
1049 2167 1108 2210 P}
1143 2177 1166 2201 a
1190 2176 1337 2201 caesare
1363 2165 1401 2200 P

85 2216 133 2248 23
152 2212 355 2250 hannibale
373 2213 421 2250 H
424 2213 471 2258 P,
495 2225 559 2250 em.
576 2213 689 2249 Gron.
715 2213 927 2249 hannibalis
945 2214 971 2249 d
990 2215 997 2258 Ι
1017 2213 1207 2248 uenientia
1226 2212 1431 2247 Minucium

87 2259 202 2296 Gron.
231 2259 434 2296 uentitium
453 2260 500 2296 H
502 2260 539 2296 P
562 2260 756 2296 uenientia
779 2261 855 2303 (uel
871 2262 1046 2304 uentura)
1063 2259 1112 2295 M.
1136 2259 1228 2295 Oud.
1252 2262 1256 2299 l
1279 2263 1324 2294 25
1344 2259 1433 2294 Dio-

85 2305 204 2342 nisius
228 2307 275 2342 H
279 2307 325 2350 P,
347 2308 432 2343 item
455 2308 561 2351 infra
589 2310 594 2352 Ι
628 2312 672 2343 27
700 2306 931 2343 communuit
952 2308 1011 2342 H¹
1049 2305 1295 2342 communiuit
1318 2306 1359 2341 h:
1384 2306 1430 2348 cf.

81 2363 124 2399 p.
148 2355 213 2396 28,
230 2357 290 2390 18.
316 2357 375 2397 51,
395 2357 417 2389 1
438 2356 445 2399 1
471 2357 518 2389 28
543 2353 726 2390 dederunt
745 2354 786 2389 H
809 2358 894 2391 ante
917 2365 1009 2391 corr.
1037 2356 1042 2397 1
1076 2357 1121 2388 29
1148 2353 1364 2397 dimisisque
1391 2352 1437 2388 H

1456 767 1499 798 10

1457 1061 1499 1092 15

1455 1355 1500 1387 20

1456 1649 1500 1680 25
