1612 2488
529 97 675 133 Lmen
699 96 765 133 m.
802 96 904 134 off.
931 100 1034 133 Η.
1397 97 1454 139 99

105 209 262 262 terem,
305 205 380 261 qui
416 206 599 248 siccatus
635 206 888 261 ingressum
922 205 1181 262 praebebat,
1217 205 1368 248 urbem
1398 206 1462 248 in·

97 265 254 308 -trauit,

195 323 254 377 [5.
298 322 550 366 Samiramis
574 323 778 366 aduersus
811 323 984 366 eosdem
1011 322 1277 379 Babylonios
1308 324 1460 366 eodem

104 382 329 438 Euphrate
361 396 511 424 auerso
542 382 659 424 idem
690 382 845 424 fecisse
877 383 1065 435 dicitur}

196 442 236 484 6.
279 439 524 484 Clisthenes
548 440 775 497 Sicyonius
808 441 982 484 ductum
1015 456 1224 498 aquarum
1254 442 1455 508 in'oppi-
1482 452 1504 485 5

105 500 207 542 dum
237 498 747 551 Crisaeorum'ferentem
779 500 913 556 rupit:
944 515 1045 543 mox
1076 501 1256 543 adfectis
1288 501 1361 543 s1ti
1391 515 1457 543 re-

107 559 250 602 stituit
280 573 435 614 aquam
467 559 655 601 elleboro
688 563 956 614 corruptam,
988 575 1074 615 qua
1103 575 1205 602 usos
1242 559 1457 615 profluuio

105 618 270 661 uentris
301 617 546 660 deficientes
578 618 704 672 cepit.

294 732 393 769 VIII.
430 733 494 768 DE
520 732 773 770 INICIENDO
799 733 1020 770 OBSESSIS
1044 734 1252 771 PAVORE.

197 807 232 848 1.
274 805 519 860 Philippus,
556 820 654 848 cum
692 805 944 849 Prinassum
982 808 1210 863 castellum
1246 808 1368 850 nulla
1406 808 1452 850 ui
1481 818 1526 850 10

104 878 255 919 capere
286 868 444 919 posset,
474 867 635 906 terram
668 868 768 907 ante
801 866 920 920 ipsos
952 880 1098 909 muros
1131 867 1292 922 egessit
1324 867 1452 909 simu·

104 922 296 978 lauitque
333 923 406 978 agi
441 923 699 966 cuniculum:
737 925 982 980 castellani,
1026 926 1128 980 quia
1165 925 1369 968 subrutos
1410 940 1456 968 se

109 982 420 1040 existimarant,
451 982 715 1025 dediderunt,

191 1041 232 1083 2.
274 1038 506 1095 Pelopidas
538 1040 767 1084 Thebanus
797 1042 1052 1098 Magnetum
1089 1043 1174 1086 duo
1206 1043 1366 1098 oppida
1398 1044 1452 1086 si-

102 1099 192 1142 mul
222 1102 546 1154 oppugnaturus
570 1114 656 1142 non
689 1101 752 1142 ita
776 1101 908 1157 longo
940 1102 1081 1157 spatio
1114 1102 1332 1157 distantia,
1364 1117 1449 1158 quo
1477 1113 1522 1146 15

103 1160 299 1216 tempore
318 1158 371 1200 ad
391 1158 574 1200 alterum
600 1173 748 1201 eorum
774 1161 1005 1203 exercitum
1032 1161 1306 1215 admouebat,
1330 1176 1454 1216 prae-

105 1217 239 1272 cepit,
269 1219 319 1258 ut
349 1231 401 1258 ex
432 1218 672 1272 composito
704 1219 759 1260 ab
793 1219 890 1261 aliis
922 1221 1076 1262 castris
1102 1222 1306 1275 quattuor
1336 1221 1453 1276 equi·

106 1277 174 1317 tes
212 1275 408 1318 coronati
447 1277 632 1318 notabili
671 1278 895 1320 alacritate
925 1279 1048 1320 uelut
1082 1279 1312 1321 uictoriam
1342 1294 1451 1321 nun-

103 1334 264 1376 tiantes
306 1335 516 1376 uenirent.
575 1335 626 1376 ad
668 1336 788 1378 cuius
827 1337 1147 1379 simulationem
1185 1338 1373 1389 curauit,
1403 1341 1452 1380 ut

103 1393 212 1434 silua
237 1407 346 1447 quae
372 1393 418 1434 in
442 1393 582 1435 medio
608 1397 705 1436 erat
732 1394 1043 1450 incenderetur,
1074 1397 1325 1451 praebitura
1357 1400 1448 1452 sp'e-
1476 1408 1521 1441 20

102 1451 212 1493 ciem
248 1451 367 1493 urbis
412 1451 617 1508 ardentis3
662 1457 888 1509 praeterea
931 1455 1138 1508 quosdam
1179 1456 1450 1511 captiuorum

100 1509 252 1552 habitu
277 1510 427 1552 eodem
451 1510 577 1553 iussit
602 1512 795 1566 perduci:
826 1528 911 1568 qua
936 1514 1262 1556 adseueratione
1286 1518 1450 1569 perter-

102 1568 176 1610 riti
207 1569 280 1623 qui
313 1569 631 1625 obsidebantur,
662 1570 763 1613 dum
794 1572 841 1613 in
869 1575 994 1627 parte
1024 1573 1113 1614 iam
1146 1588 1192 1615 se
1223 1577 1450 1628 superatos

55 1671 61 1674 ¹
104 1626 371 1681 existimant,
402 1627 656 1670 defecerunt.

189 1685 230 1726 3.
270 1683 407 1739 Cyrus
438 1685 665 1728 Persarum
699 1702 795 1740 rex,
832 1689 998 1731 incluso
1029 1687 1236 1731 Sardibus
1275 1689 1447 1742 Croeso,
1474 1701 1520 1734 25

102 1757 188 1798 qua
218 1746 475 1798 praeruptus
513 1758 636 1787 mons
673 1746 843 1788 nullum
882 1747 1047 1789 aditum
1083 1749 1355 1803 praestabat,
1393 1749 1448 1791 ad

102 1802 272 1843 moenia
308 1802 444 1844 malos
483 1805 760 1858 exaequantis
799 1805 1074 1848 altitudinem
1111 1807 1203 1862 iugi
1245 1808 1449 1864 subrexit,

195 1908 214 1940 1
238 1905 376 1951 prebat
398 1906 483 1950 H¹l
510 1910 531 1942 3
557 1908 755 1952 exemplum
780 1909 958 1945 alienum:
983 1910 1028 1953 cf.
1051 1911 1171 1955 praef.
1196 1910 1225 1958 5
1250 1913 1273 1946 9
1294 1913 1300 1957 Ι
1329 1912 1446 1948 Sami-

99 1951 199 1987 ranis
223 1953 281 1987 H¹
309 1952 522 1988 Semiramis
546 1955 571 1989 d
604 1954 609 2000 Ι
641 1954 772 1990 eodem
797 1955 855 1990 Η1
888 1958 895 2001 Ι
928 1957 1077 1992 eosdem
1102 1957 1148 1992 H
1177 1962 1183 1999 Ι
1217 1962 1238 1993 5
1265 1958 1446 1994 Clistenes

99 2009 117 2032 s
144 1998 286 2034 cionius
299 1999 345 2035 H
348 2000 407 2044 1³1
439 2004 460 2035 6
486 1999 745 2036 Cirrhaeorum
771 2001 851 2040 Ser.
871 2004 948 2038 coll.
971 2004 1147 2049 Polyacn.
1168 2008 1201 2047 6,
1215 2008 1262 2041 13
1285 2007 1290 2050 Ι
1313 2009 1332 2040 7
1359 2017 1446 2041 usus

137 2044 181 2079 H
202 2046 209 2090 1
242 2050 263 2082 8
288 2047 500 2082 deficientes
524 2048 679 2092 Lipsius
710 2048 970 2094 decoepientes
994 2051 1054 2086 H¹
1078 2051 1308 2098 decipientes
1333 2054 1358 2088 h
1383 2053 1446 2088 de-

101 2091 242 2137 cipiens
269 2093 307 2127 P
328 2094 553 2139 desipientes
580 2095 715 2130 Gruter

196 2142 240 2174 10
268 2138 479 2176 Prinassum
513 2141 605 2177 Oud.
631 2143 709 2177 coll.
735 2143 862 2189 Polyb.
886 2147 952 2187 16,
977 2147 1034 2180 11.
1080 2146 1256 2192 Polyaen.
1275 2149 1316 2188 4,
1335 2150 1402 2189 18,
1422 2150 1444 2182 1

98 2185 295 2221 trinassum
310 2187 356 2222 H
360 2189 396 2222 P
415 2189 421 2233 Ι
444 2191 486 2223 11
507 2188 673 2234 adgessit
691 2190 769 2226 edd.
792 2191 798 2235 Ι
822 2194 865 2225 12
884 2190 1056 2227 subrutos
1074 2193 1098 2228 d
1123 2193 1321 2238 subruptos
1335 2193 1382 2228 H
1386 2193 1442 2241 ΡΙ

102 2235 146 2267 13
172 2232 431 2269 existimarunt
453 2235 479 2270 d
514 2235 779 2272 existimabant
802 2237 895 2273 Ded.
924 2241 930 2280 Ι
962 2240 1116 2279 fortasse
1140 2251 1179 2275 se
1204 2239 1445 2277 dediderunt:

99 2279 146 2322 εἰ.
165 2290 214 2361 ΡΙ.)
226 2281 285 2324 92,
298 2284 344 2316 11
366 2282 439 2363 1h15
463 2282 575 2328 longo
595 2303 640 2309 —
659 2284 827 2329 tempore
851 2295 917 2322 om.
938 2285 997 2321 Η1
1018 2288 1024 2331 1
1046 2290 1092 2322 20
1115 2286 1372 2331 praebiturum
1385 2287 1446 2322 Ηι

98 2336 189 2370 prae
215 2327 351 2363 ituram

1183 2390 1232 2426 7*
