1578 2508
61 746 104 777 10

60 1042 103 1073 15

59 1337 104 1370 20

61 1633 107 1665 25

135 93 162 134 6
407 92 508 128 IULI
533 91 769 128 FRONTINI
795 90 1226 128 STRATEGEMATON

131 203 285 257 pontes
311 201 495 257 iungunt
519 201 893 256 instrumentaque
916 200 1171 256 moliuntur,
1194 199 1485 256 quadraginta

132 261 318 316 amplius
362 261 453 303 dies
497 260 800 316 inpenderunt:
844 274 928 316 quo
975 260 1115 315 spatio
1158 258 1388 303 Ventidius
1432 259 1486 302 ad

132 320 447 362 contrahendas
478 334 582 362 usus
616 322 682 362 est
713 319 859 374 copias
891 319 1038 375 eisque
1063 319 1226 374 triduo,
1257 321 1486 374 antequam

131 378 320 421 Parthus
361 379 602 434 adueniret,
645 379 829 434 receptis
873 378 963 420 acie
1002 377 1234 421 commissa
1268 377 1376 420 uicit
1404 376 1487 420 Pa-

132 453 282 481 corum
314 440 357 480 et
387 438 617 480 interfecit.

223 498 260 539 7.
292 496 585 552 Mithridates,
619 497 974 539 circumuallante
1000 495 1229 552 Pompeio,
1259 495 1411 551 fugam
1442 495 1487 538 in

130 556 377 611 proximum
422 556 535 599 diem
580 556 783 611 moliens,
835 555 962 597 huius
1013 555 1184 598 consilii
1228 554 1488 597 obscurandi

131 630 262 658 causa
292 616 425 658 latius
458 618 501 657 et
531 630 666 671 usque
699 615 752 657 ad
778 614 1006 669 adplicitas
1038 614 1155 656 hosti
1185 614 1323 656 ualles
1354 614 1487 669 pabu-

129 675 265 729 latus,
306 675 537 730 conloquia
569 689 739 730 quoque
772 688 868 716 cum
899 673 1098 729 pluribus
1130 673 1388 716 auertendae
1420 687 1488 715 su-

131 734 338 789 spicionis
384 749 512 776 causa
552 734 598 775 in
635 736 857 788 posterum
900 732 1146 787 constituit,
1188 733 1310 788 ignes
1355 732 1488 774 etiam

129 794 445 848 frequentiores
464 807 542 848 per
561 795 658 835 tota
677 795 820 835 castra
844 792 939 835 fieri
958 792 1103 834 iussit:
1129 790 1317 834 secunda
1335 790 1488 834 deinde

131 853 283 908 uigilia
314 855 487 908 praeter
517 852 615 907 ipsa
646 852 840 894 hostium
871 854 1016 893 castra
1047 863 1204 906 agmen
1236 849 1396 893 eduxit.

219 912 256 954 8.
302 911 549 967 Imperator
593 910 753 954 Caesar
796 910 1073 952 Domitianus
1114 909 1340 966 Augustus
1384 907 1488 952 Ger-

129 971 343 1025 manicus,
380 985 478 1012 cum
509 969 767 1024 Germanos,
806 970 880 1024 qui
917 970 964 1011 in
1002 969 1134 1011 armis
1173 971 1316 1022 erant,
1355 968 1490 1010 uellet

131 1030 375 1085 opprimere
406 1044 485 1071 nec
516 1029 740 1085 ignoraret
765 1029 928 1070 maiore
960 1028 1125 1070 bellum
1150 1027 1376 1070 molitione
1408 1027 1487 1069 ini-

128 1091 270 1144 turos,
314 1089 352 1130 si
391 1088 627 1130 aduentum
667 1088 781 1129 tanti
819 1087 938 1129 ducis
981 1086 1348 1141 praesensissent,
1390 1100 1489 1140 pro-

129 1147 308 1190 fectioni
346 1162 446 1190 suae
486 1162 640 1190 census
680 1147 875 1189 obtexuit
913 1145 1170 1188 Galliarum:
1211 1145 1290 1187 sub
1330 1144 1487 1200 quibus·

129 1207 354 1262 inopinato
403 1207 520 1249 bello
570 1206 746 1248 adfusus
803 1207 982 1248 contusa
1034 1204 1276 1246 inmanium
1326 1204 1488 1247 ferocia

129 1267 356 1308 nationum
386 1265 622 1321 prouinciis
655 1265 882 1307 consuluit.

221 1325 261 1368 9.
282 1324 486 1368 Claudius
499 1323 630 1379 Nero,
649 1338 745 1366 cum
760 1338 782 1366 e
796 1338 841 1365 re
856 1323 1028 1378 publica
1042 1324 1157 1364 esset
1169 1320 1488 1364 Hasdrubalem

131 1384 360 1439 copiasque
387 1385 495 1438 eius,
522 1386 755 1438 antequam
779 1382 1018 1425 Hannibali
1041 1381 1169 1423 fratri
1194 1382 1489 1436 iungerentur,

132 1443 271 1485 excidi
295 1443 540 1498 idcircoque
567 1442 794 1484 festinaret
820 1456 864 1484 se
885 1441 1011 1484 Liuio
1033 1439 1271 1483 Salinatori
1296 1440 1488 1495 collegae

132 1517 223 1554 suo,
243 1504 310 1544 cui
336 1503 499 1544 bellum
522 1501 777 1543 mandatum
802 1500 954 1554 fuerat,
979 1514 1135 1555 parum
1159 1499 1296 1541 fidens
1321 1498 1488 1541 uiribus

131 1576 240 1616 quae
266 1562 344 1604 sub
371 1562 466 1616 ipso
494 1564 634 1615 erant,
661 1559 892 1615 adiungere
917 1573 1056 1614 neque
1080 1560 1228 1600 tamen
1252 1557 1488 1600 discessum

135 1635 260 1663 suum
287 1621 340 1662 ab
366 1619 632 1673 Hannibale,
664 1620 732 1662 eui
764 1618 989 1674 oppositus
1023 1620 1132 1672 erat,
1164 1616 1315 1659 sentiri
1345 1616 1488 1668 uellet,

134 1680 279 1722 decem
305 1679 429 1722 milia
454 1679 794 1722 fortissimorum
821 1678 1009 1719 militum
1034 1676 1166 1732 elegit
1185 1675 1488 1731 praecepitque

133 1740 310 1795 legatis,
337 1754 444 1794 quos
470 1738 758 1794 relinquebat,
785 1739 834 1779 ut
859 1735 1032 1779 eaedem
1059 1735 1270 1777 stationes
1295 1733 1490 1790 uigiliae-

134 1813 216 1853 que
248 1801 498 1853 agerentur,
535 1797 720 1840 totidem
758 1797 881 1852 ignes
921 1795 1138 1847 arderent,
1175 1793 1325 1836 eadem
1353 1792 1488 1836 facies

230 1918 249 1948 1
285 1913 497 1959 operosiore
529 1915 644 1958 ponte
671 1913 781 1948 Salm.
832 1911 992 1957 iungunt
1017 1883 1489 1962 postffltrqmpmzit

140 1961 375 1997 Wachsmuth
397 1962 401 2005 Ι
437 1965 456 1995 2
484 1960 723 2005 inpenderint
747 1959 793 1994 H
814 1962 898 1994 ante
922 1969 1012 1993 corr.
1035 1959 1040 2001 Ι
1069 1961 1089 1992 6
1114 1955 1345 1991 M1thndat1s
1370 1955 1416 1990 H
1420 1955 1457 1990 P

136 2012 155 2043 7
183 2008 390 2054 proximam
413 2008 450 2042 P
469 2012 474 2051 ί
502 2012 524 2043 8
550 2007 751 2053 applicitos
777 2005 877 2042 hosti
900 2004 1021 2040 uallos
1041 2005 1066 2039 d
1087 2007 1091 2047 Ι
1116 2007 1159 2038 12
1186 2004 1308 2038 castra
1331 2013 1398 2038 om.
1418 2001 1464 2037 Η

135 2059 222 2101 agffi
248 2055 306 2098 H,
337 2056 399 2090 sed
424 2065 447 2089 a
471 2055 513 2090 in
538 2065 611 2090 ras.
638 2055 661 2089 h
682 2056 687 2097 1
725 2057 768 2089 15
794 2052 1003 2088 mollitione
1028 2051 1075 2086 H
1097 2051 1103 2095 1
1123 2054 1210 2096 post
1233 2049 1389 2085 inituros
1414 2059 1488 2086 ras.

134 2107 309 2149 quattuor
341 2103 415 2146 fere
441 2102 508 2138 litt.
536 2101 582 2136 H
619 2103 623 2146 Ι
666 2105 708 2136 16
734 2099 975 2146 profectionis
1001 2098 1055 2143 (is
1079 2108 1124 2133 ex
1148 2108 1188 2132 es
1213 2107 1303 2133 corr.
1328 2097 1367 2142 h)
1400 2106 1489 2132 suae

135 2162 265 2186 sensus
291 2149 335 2184 H
369 2146 638 2194 profectionem
676 2159 780 2183 suam
812 2158 923 2183 sensu
947 2145 999 2188 P,
1025 2156 1088 2180 em.
1115 2144 1239 2186 Mod.;
1273 2144 1318 2187 cf.
1347 2146 1409 2188 12,
1427 2145 1454 2179 2
1482 2143 1486 2189 Ι

139 2202 182 2234 17
203 2196 348 2233 obtexit
372 2197 397 2232 d
418 2197 423 2242 Ι
446 2196 514 2231 sub
541 2195 691 2240 quibus]
719 2194 863 2230 subitus
888 2193 1059 2228 Herelius
1084 2192 1163 2228 coll.
1181 2193 1221 2235 2,
1239 2193 1275 2234 3,
1295 2193 1342 2226 14
1366 2190 1490 2226 subito

135 2245 304 2281 hostibus
324 2243 417 2279 Ded.
453 2245 458 2288 Ι
502 2247 543 2278 19
570 2241 768 2287 prouintiis
795 2241 842 2277 H
865 2242 871 2285 1
901 2244 947 2276 20
972 2242 1059 2285 θτθῇ
1085 2239 1150 2274 ”eet
1169 2238 1215 2272 H
1245 2239 1397 2283 cuperet
1420 2237 1458 2273 P
1480 2238 1492 2352 l

137 2296 180 2326 21
207 2291 317 2327 fratri
340 2311 386 2318 —-
411 2290 519 2326 Liuio
545 2290 590 2325 H
617 2290 658 2324 in
689 2299 762 2324 ras.
797 2288 803 2334 Ι
836 2287 1052 2333 iungeretur
1077 2286 1103 2322 d
1135 2285 1142 2332 Ι
1181 2288 1226 2320 26
1259 2285 1402 2330 delegit
1424 2285 1451 2320 d

136 2344 182 2375 27
209 2339 356 2375 easdem
384 2338 429 2374 H
454 2338 458 2385 Ι
494 2336 666 2373 stationis
693 2336 752 2371 H¹
775 2337 781 2380 Ι
813 2335 967 2380 uigiliae
993 2344 1111 2378 aeque
1137 2332 1197 2377 ΡΙ
1231 2335 1277 2367 28
1308 2330 1407 2377 ignis
1433 2331 1479 2366 H
