1612 2488
198 118 284 161 134
466 119 567 155 IULI
591 119 828 155 FRONTINI
854 117 1284 156 STRATEGEMATON

195 243 352 284 equum
393 230 436 270 et
473 229 667 271 laborem
715 243 842 271 suum
879 228 924 271 in
961 228 1205 270 necessaria
1240 228 1338 271 duci
1378 243 1557 271 munera

193 290 446 330 reseruaret.
1430 312 1432 315 ·

285 347 325 390 3.
371 346 638 402 Alexander,
670 362 767 389 cum
797 347 939 389 hieme
972 346 1144 389 duceret
1174 346 1422 402 exercitum,
1451 346 1555 389 resi-

193 406 300 448 dens
333 405 387 448 ad
418 406 566 462 ignem
597 420 906 461 recognoscere
939 405 1253 461 praetereuntis
1285 406 1431 462 copias
1462 419 1556 449 eoe-

147 475 169 508 5
194 465 278 521 pit3
312 480 494 521 cumque
526 466 823 522 conspexisset
853 465 1068 520 quendam
1099 478 1233 520 prope
1265 465 1556 507 exanimatum

194 525 382 580 frigore,
427 524 649 567 considere
691 525 787 567 loco
831 539 908 566 suo
950 524 1077 566 iussit
1108 523 1301 580 dixitque
1332 524 1389 566 ei:
1426 523 1480 566 ‘si
1510 524 1557 567 in

194 584 339 626 Persis
365 587 493 626 natus
519 598 647 637 esses,
677 584 724 625 in
749 584 871 640 regia
897 584 1006 625 sella
1035 582 1246 625 resedisse
1276 583 1358 625 tibi
1391 583 1555 639 capital

193 643 326 696 foret,
358 644 405 684 in
436 642 691 686 Macedonia
722 646 826 685 nato
859 640 1132 685 conceditur?

284 703 324 745 4.
370 701 510 744 Diuus
560 702 785 758 Augustus
829 701 1145 758 Vespasianus,
1193 715 1292 743 cum
1337 700 1553 756 quendam

125 771 170 804 10
195 761 514 804 adulescentem
545 761 729 804 honeste
759 763 932 817 natum,
970 759 1152 803 militiae
1183 759 1441 816 inhabilem,
1479 774 1554 803 an-

195 821 441 878 gustiarum
465 821 529 863 rei
554 821 786 864 familiaris
813 835 943 863 causa
968 819 1198 862 deductum
1230 818 1283 861 ad
1313 819 1554 876 longiorem

194 880 390 923 ordinem
426 880 645 935 rescisset,
685 895 818 924 censu
855 880 1093 923 constituto
1129 878 1316 930 honesta
1346 878 1554 922 missione

195 940 505 982 exauctorauit.

550 1078 629 1115 VII.
667 1079 731 1115 DE
757 1078 923 1114 VARIIS
950 1076 1195 1114 CONSILIIS.

123 1185 166 1218 15
284 1177 320 1217 1.
366 1173 411 1218 O.
433 1173 592 1217 Caesar
623 1175 794 1217 dicebat
825 1175 941 1216 idem
975 1174 1059 1216 sibi
1091 1188 1185 1215 esse
1217 1174 1448 1216 consilium
1480 1173 1552 1216 ad-

191 1249 343 1276 uersus
384 1235 578 1289 hostem,
622 1234 737 1289 quod
777 1234 994 1289 plerisque
1039 1232 1216 1274 medicis
1255 1234 1404 1275 contra
1441 1232 1552 1275 uitia.

161 1329 174 1343 .
192 1308 440 1348 corporum,
470 1293 587 1335 fame
618 1293 765 1348 potius
798 1307 927 1348 quam
957 1292 1073 1334 ferro
1107 1291 1349 1346 superandi.

281 1353 320 1394 2.
362 1352 583 1395 Domitius
634 1352 824 1395 Corbulo
875 1351 1055 1394 dolabra
1104 1351 1167 1403 [id
1216 1354 1284 1394 est
1327 1350 1550 1406 operibus]

191 1411 362 1454 hostem
393 1410 653 1454 uincendum
685 1425 778 1453 esse
811 1410 992 1453 dicebat.

122 1481 167 1514 ‘20
283 1472 321 1513 3.
365 1470 410 1512 L.
454 1470 614 1513 Paulus
657 1471 965 1525 imperatorem
1009 1483 1156 1511 senem
1205 1468 1397 1511 moribus
1441 1468 1552 1510 dice—

194 1530 273 1571 bat
316 1544 408 1571 esse
450 1532 668 1584 oportere,
706 1529 956 1584 significans
999 1527 1291 1570 moderatiora
1332 1527 1550 1582 sequenda

192 1588 385 1631 consilia.

281 1649 323 1690 4.
362 1647 508 1702 Scipio
528 1647 759 1689 Africanus
786 1646 921 1688 fertur
946 1645 1118 1699 dixisse,
1149 1659 1247 1687 cum
1272 1659 1369 1687 eum
1395 1658 1550 1699 parum

193 1707 370 1762 quidam
407 1720 648 1762 pugnacem
687 1706 895 1748 dicerent:
939 1704 1263 1760 ‘imperatorem
1300 1717 1368 1746 me
1400 1706 1552 1758 mater,

122 1775 167 1808 25
192 1780 281 1808 non
312 1766 570 1808 bellatorem
602 1764 798 1820 peperit?

284 1825 322 1867 5.
367 1823 412 1867 C.
451 1824 613 1866 Marius
652 1824 847 1866 Teutono
890 1822 1147 1878 prouocanti
1187 1835 1284 1863 eum
1322 1823 1366 1863 et
1402 1823 1549 1876 postu-

192 1884 323 1938 lanti,
355 1887 403 1925 ut
437 1883 649 1938 prodiret,
679 1881 924 1937 respondit,
961 1881 998 1923 si
1029 1880 1206 1936 cupidus
1239 1880 1390 1922 mortis
1422 1882 1550 1935 esset,

292 1991 309 2021 1
337 1997 472 2031 equom
493 1987 526 2022 G
549 1990 553 2031 Ι
577 1991 599 2022 4
623 1987 880 2032 pretereuntes
907 1986 954 2021 Η
970 1987 975 2030 Ι
1005 1990 1024 2021 7
1050 1984 1192 2020 redisse
1218 1983 1281 2028 ΡΙ
1307 1982 1469 2029 capitale
1494 1983 1546 2031 dl

194 2039 216 2070 8
242 2033 484 2070 concenditur
510 2038 568 2077 (ce
587 2045 632 2069 ex
649 2036 687 2070 te
708 2034 758 2078 G)
780 2033 868 2069 GH
874 2033 884 2052 ¹
908 2036 913 2078 Ι
941 2038 962 2068 9
988 2030 1250 2078 uespassianus
1269 2031 1316 2067 H
1323 2030 1335 2050 ¹
1356 2033 1362 2076 1
1391 2034 1435 2066 10
1460 2029 1550 2066 ado—

193 2081 399 2116 lescentem
423 2081 447 2116 h
469 2083 473 2125 Ι
504 2085 545 2116 11
575 2093 689 2116 causa
714 2081 751 2116 P
777 2091 907 2116 causae
934 2080 997 2116 Gh
1029 2090 1138 2115 cause
1163 2078 1210 2114 H
1217 2078 1228 2098 ¹
1250 2079 1255 2123 Ι
1283 2078 1458 2114 eductum
1483 2077 1521 2113 P
1541 2078 1547 2125 Ι

196 2132 240 2163 12
266 2127 458 2164 reiecisset
481 2128 507 2164 d
565 2145 568 2149 ·

293 2179 338 2210 14
363 2174 484 2222 dellsssl
508 2176 696 2221 (quattuor
722 2176 790 2211 litt.
817 2178 956 2219 erasae)
980 2174 1027 2209 H
1051 2175 1057 2219 Ι
1088 2176 1131 2208 15
1158 2171 1195 2208 C.
1216 2173 1242 2208 d
1270 2171 1310 2209 Τ.
1332 2171 1415 2208 GH
1419 2171 1457 2207 Ρ
1488 2171 1550 2208 Ti-

196 2224 257 2258 tus
286 2222 321 2258 G
342 2225 347 2267 Ι
379 2227 422 2258 17
448 2224 543 2258 ferre
573 2222 607 2258 G
629 2224 633 2266 Ι
662 2221 862 2268 superandi
886 2223 912 2257 d
942 2220 1117 2267 sperandi
1137 2219 1260 2255 OGH
1265 2220 1326 2262 ΡΙ
1358 2222 1402 2255 18
1427 2218 1468 2253 id
1493 2219 1552 2254 est

197 2270 372 2314 operibus
396 2270 570 2315 qlossema
595 2280 666 2305 esse
691 2270 788 2305 uidit
810 2269 922 2305 Oud.:
947 2268 993 2312 cf.
1013 2267 1133 2313 praef.
1159 2267 1187 2314 §²
1205 2269 1252 2302 13
1275 2268 1279 2311 l
1307 2266 1347 2302 id
1372 2267 1431 2303 est
1449 2265 1549 2302 GH²

195 2317 298 2351 idem
322 2318 345 2353 h
382 2317 442 2352 ide
465 2317 502 2352 P
539 2318 545 2361 Ι
585 2320 630 2351 20
657 2327 781 2351 senem
813 2327 879 2353 om.
903 2315 938 2352 G
964 2318 969 2362 1
1003 2319 1048 2351 23
1074 2314 1272 2350 affricanus
1302 2313 1337 2349 G
1363 2315 1368 2359 Ι
1396 2312 1550 2358 quidam

194 2375 328 2409 parum
352 2365 378 2400 d
399 2365 405 2409 Ι
432 2368 477 2400 26
501 2365 659 2400 teutnon
678 2363 724 2398 H
