1534 2528
625 107 909 145 PRAEFATIO.
1409 108 1442 143 V

93 216 283 260 codicem
316 215 361 259 P
389 216 583 259 exarauit
619 216 995 260 animaduertisset
1026 214 1099 273 (cf.
1125 218 1151 270 ἓ
1171 215 1239 273 5),
1271 217 1443 259 saeculo

93 275 280 318 fortasse
316 274 481 318 decimo
518 275 645 318 tertio
682 275 886 318 librarius
918 275 1137 331 suppleuit
1166 276 1230 318 ita
1261 275 1442 332 digestis

95 334 324 389 exemplis,
374 337 424 376 ut
471 334 667 389 plerique
707 334 903 377 codicum
945 335 1233 378 recentiorum
1284 349 1443 390 eosque

93 396 266 436 secutae
297 393 507 435 editiones
538 392 676 436 adhuc
702 407 849 436 omnes
875 393 1101 436 exhibent:
1134 394 1279 436 uerbis
1311 394 1445 449 igitur

93 454 134 503 2,
158 452 199 507 9,
225 453 249 494 7
283 466 495 507 quarum
530 454 668 494 metu
698 452 784 494 illi
816 467 908 495 con
941 453 1281 496 adnectebantur
1310 453 1446 496 uerba

93 511 142 567 2,
168 511 240 562 12,
263 511 293 553 2
324 511 667 553 aduentarent
698 544 707 552 .
735 543 743 553 ,
769 543 779 552 .
810 512 939 554 uicti
971 515 1110 567 sunt3
1154 512 1446 568 sequebantur

93 570 264 625 integra
287 570 483 626 exempla
506 571 547 625 2,
569 570 636 624 10,
656 570 783 613 1-2,
814 571 855 626 2,
877 571 943 624 11,
966 572 1092 614 1-7.
1123 572 1164 626 2,
1188 572 1255 627 12,
1276 573 1319 626 1;
1351 574 1444 613 tum

94 629 134 682 2,
156 629 224 684 12,
242 629 270 671 2
294 643 432 684 usque
457 628 511 671 ad
536 629 671 671 uerba
697 629 974 672 secundum
999 630 1446 684 consuetudinem,

94 688 250 743 quibus
287 688 422 730 uerba
452 688 493 742 4,
520 687 559 742 7,
583 688 641 731 42
684 689 952 730 continere
986 689 1153 732 uellet
1184 723 1194 732 .
1219 721 1229 731 .
1260 689 1446 731 habuit

94 745 452 802 adiungebantur,
477 747 756 802 sequentibus
778 748 960 803 integris
981 748 1188 803 exemplis
1207 748 1247 799 2,
1264 748 1331 802 12,
1345 749 1385 790 3.
1405 749 1446 790 4.

94 805 236 859 2,13,
259 807 280 848 1
303 820 383 860 sq.;
423 805 558 847 uerba
597 808 740 847 autem
777 807 823 860 2,
848 806 893 859 9,
921 807 944 848 7
985 806 1357 849 continuerunt
1394 822 1444 849 se

93 863 237 906 intra
273 868 446 906 castra
472 887 528 894 —
551 864 592 918 2,
613 864 654 918 9,
678 865 733 906 10
764 865 894 907 uicti
932 869 1052 907 sunt
1088 868 1312 921 tamquam
1343 880 1446 921 pars

96 921 200 964 libri
230 923 372 978 quarti
402 924 505 978 post
528 923 662 965 uerba
685 924 727 976 4,
747 924 785 977 7,
803 924 862 966 42
894 938 1002 966 cum
1035 924 1087 966 in
1118 925 1323 979 agmine
1354 926 1446 966 mi-

94 980 218 1023 lites
254 981 409 1024 relicta
444 985 583 1036 erant,
624 984 673 1024 ut
704 983 900 1038 exempla
930 983 971 1037 2,
990 983 1030 1037 9,
1049 984 1196 1026 8—10
1228 983 1447 1039 signaren-

93 1042 166 1082 tur
194 1040 236 1094 4,
256 1041 295 1095 7,
313 1040 502 1083 43—45.

183 1097 321 1148 Quam
357 1099 730 1154 perturbationem
759 1103 991 1155 postquam
1021 1100 1265 1144 Fridericus
1298 1101 1444 1143 Haase

95 1156 264 1212 (Rhein.
274 1157 383 1200 Mus.
393 1157 458 1200 ΠΙ
470 1156 627 1214 (1845)
638 1173 678 1212 p.
690 1159 776 1201 312
786 1158 867 1214 sq.)
888 1160 1099 1214 explicare
1116 1161 1270 1214 coepit,
1289 1161 1447 1203 acriter

94 1219 321 1272 perspecta
345 1216 512 1271 origine
538 1218 695 1259 erroris
719 1217 955 1261 Hedickius
981 1217 1183 1274 (Hermes
1206 1218 1270 1261 VI
1289 1218 1447 1275 (1872)

94 1290 136 1330 p.
157 1275 240 1318 156
258 1274 339 1331 sq.)
364 1275 599 1330 pristinum
624 1277 917 1332 exemplorum
943 1277 1154 1331 ordinem,
1179 1292 1307 1333 quem
1330 1293 1445 1321 nunc

94 1334 223 1390 legis,
251 1334 457 1377 restituit.

182 1392 302 1435 Idem
327 1393 586 1448 archetypus
610 1393 775 1436 lacunis
802 1394 888 1436 iam
914 1394 1066 1437 hiabat
1089 1410 1177 1438 non
1202 1396 1446 1451 infrequen-

96 1451 228 1503 tibus,
258 1451 380 1494 uelut
405 1467 446 1507 p.
468 1453 535 1505 18,
556 1453 593 1494 1.
617 1452 675 1495 25
701 1450 817 1509 (coll.
835 1468 876 1507 p.
899 1454 996 1507 130,
1013 1452 1076 1510 4).
1112 1455 1179 1509 19,
1197 1455 1267 1497 20.
1292 1455 1362 1509 29,
1377 1456 1444 1497 23.

98 1511 195 1565 103,
217 1511 282 1552 10.
305 1511 415 1578 .111,
432 1511 488 1553 27
498 1529 509 1567 3
540 1514 669 1566 atque
694 1512 961 1578 glossemata
986 1513 1280 1569 lectionesque
1307 1514 1445 1568 dupli·

95 1583 166 1612 ces
183 1567 886 1693 ἑξξφῐΐέτζὴῗίἐὲἒῃξέῒίξῌῧξῗὲε
912 1630 959 1672 in
984 1644 1034 1672 eo
1061 1630 1235 1673 uidetur
1258 1631 1446 1685 Eutropi

97 1685 359 1728 bremarmm
400 1687 554 1739 fuisse,
598 1689 802 1742 quoniam
845 1690 892 1730 in
935 1689 1248 1743 antiquissimis
1292 1690 1446 1732 utrius-

101 1759 182 1800 que
214 1745 384 1799 generis
415 1745 633 1788 codicibus
666 1745 887 1801 (Gothano
912 1746 945 1789 I.
970 1748 1067 1800 101,
1099 1747 1296 1790 Parisino
1319 1749 1446 1802 7240,

96 1803 294 1845 Parisino
320 1803 449 1858 5802,
474 1803 710 1847 Harleiano
735 1804 874 1861 2729)
902 1819 997 1847 cum
1024 1806 1085 1848 eis
1110 1806 1312 1861 traditur3
1343 1811 1446 1862 post

98 1863 316 1904 saeculum
354 1862 526 1905 demum
564 1863 776 1906 decimum
806 1864 982 1906 tertium
1015 1865 1181 1907 librarii
1211 1865 1444 1921 Vegetium

98 1935 195 1963 cum
218 1920 427 1964 Frontino
458 1922 505 1964 in
535 1937 620 1964 uno
653 1922 797 1964 codice
828 1923 1104 1966 coniunctum
1137 1925 1385 1966 exarabant.

186 1981 212 2032 ἓ
232 1981 271 2022 2.
301 1980 357 2022 Η
365 2000 420 2014 =
434 1981 568 2023 codex
591 1980 851 2023 Harleianus
882 1982 999 2024 2666
1031 1983 1202 2025 saeculo
1233 1983 1296 2025 IX
1315 1984 1384 2025 uel
1404 1983 1445 2025 X

97 2041 294 2080 exaratus
338 2039 392 2081 37
438 2039 554 2082 foliis
597 2040 935 2082 membranaceis
979 2040 1054 2095 (31
1079 2056 1159 2084 cm.
1179 2052 1236 2086 ><
1260 2043 1317 2084 22
1343 2042 1443 2096 cm.)

98 2099 288 2151 constat,
318 2112 500 2152 quorum
532 2098 728 2154 singulae
754 2099 937 2154 paginae
963 2101 1019 2142 36
1045 2115 1196 2143 uersus
1222 2101 1446 2143 continent

97 2152 170 2210 (cf.
201 2153 438 2211 Catalogue
479 2156 528 2199 of
561 2158 733 2199 ancient
769 2159 1055 2213 manuscripts
1092 2159 1139 2202 in
1168 2159 1244 2201 the
1277 2158 1443 2201 British

97 2212 306 2256 Museum.
365 2214 472 2257 Part
494 2215 550 2257 II.
579 2215 717 2259 Latin.
747 2215 927 2259 London
962 2218 1075 2260 1884
1104 2233 1145 2273 p.
1173 2218 1246 2270 723
1283 2218 1444 2260 ibidem

99 2271 146 2313 in
187 2273 275 2314 tab.
319 2272 376 2315 56
419 2274 564 2330 imago
615 2276 851 2329 scripturae
895 2275 1156 2332 exhibetur).
1222 2275 1443 2318 Librarius

99 2331 479 2386 neglegentissime
516 2347 692 2375 munere
729 2348 807 2376 suo
837 2333 1011 2376 functus
1049 2335 1187 2376 multa
1216 2349 1443 2390 perperam
