1612 2488
548 126 695 163 LIBER
718 127 780 164 rV.
830 127 934 163 CAP.
961 131 993 163 7.
1362 125 1448 168 139

93 237 280 280 ercitum
322 236 528 279 uolonum
571 236 729 278 uicisse
767 235 926 290 uideri,
973 234 1087 291 quod
1129 234 1278 277 hostes
1315 233 1448 276 fudis-

97 299 213 339 sent:
249 298 295 338 et
325 295 387 338 sic
418 309 492 338 eos
525 297 567 337 et
597 309 675 337 sua
706 295 790 337 fide
829 297 873 336 et
903 295 1099 350 ipsorum
1129 296 1247 336 metu
1279 293 1446 336 exsolu-

94 357 168 398 tos
197 354 372 410 recepit.

187 425 257 468 25.
298 424 523 467 Hannibal
547 426 647 480 post
670 423 896 480 proelium,
926 438 1011 479 quo
1035 423 1256 479 ingentem
1282 422 1448 465 cladem

96 484 152 526 ad
184 483 525 526 'Prasumennum
557 483 740 526 Romani
772 485 1043 538 acceperunt,
1081 497 1177 524 cum
1216 496 1291 524 sex
1326 482 1447 524 milia
1473 492 1493 524 5

95 543 288 585 hostium
310 542 569 598 interposita
597 542 799 597 pactione
829 543 873 583 in
906 544 1168 596 potestatem
1199 555 1323 583 suam
1353 540 1446 582 red·

95 602 285 658 egisset,
328 601 467 644 socios
499 601 645 643 Latini
687 600 875 642 nominis
921 601 1104 656 benigne
1151 601 1196 642 in
1248 599 1446 642 ciuitates

97 675 198 703 suas
229 660 414 715 dimisit,
444 660 647 702 dictitans
680 674 726 702 se
750 659 903 701 Italiae
930 659 1178 701 liberandae
1204 672 1334 701 causa
1357 658 1446 700 bel-

97 719 190 761 lum
221 732 387 774 gerere:
418 733 649 774 eorumque
681 733 811 773 opera
842 718 1008 774 aliquot
1040 717 1224 773 populos
1255 718 1301 759 in
1332 716 1446 759 dedi-

93 777 256 820 tionem
286 778 458 833 accepit.
1474 787 1517 818 10

186 848 256 890 26.
297 847 442 902 Mago,
473 862 569 889 cum
594 847 718 889 Locri
744 847 1041 889 obsiderentur
1067 861 1094 888 a
1113 845 1311 901 Crispino
1337 846 1446 888 clas-

96 907 159 948 sis
188 909 364 949 nostrae
394 906 632 961 praefecto,
677 906 846 948 diffudit
883 905 935 948 ad
966 905 1164 947 Romana
1205 908 1348 947 castra
1377 920 1446 947 ru-

97 979 262 1007 morem
292 964 584 1007 Hannibalem
616 979 740 1007 caeso
769 963 976 1006 Marcello
1009 964 1061 1005 ad
1093 964 1338 1006 liberandos
1370 964 1445 1006 ob-

98 1024 260 1066 sidione
302 1023 464 1065 Locros
506 1024 671 1077 uenire3
721 1024 832 1065 clam
870 1022 1021 1064 deinde
1059 1023 1223 1077 equites
1262 1022 1445 1065 emissos

96 1083 223 1125 iussit
253 1097 279 1125 a
309 1082 550 1134 montibus,
591 1083 665 1138 qui
695 1082 739 1124 in
772 1085 1004 1136 conspectu
1035 1084 1160 1123 erant
1169 1115 1180 1135 ,
1225 1096 1270 1123 se
1302 1084 1444 1123 osten·
1471 1092 1515 1124 15

94 1141 214 1184 dere:
246 1155 329 1197 quo
347 1141 465 1183 facto
486 1141 638 1193 effecit,
662 1143 711 1183 ut
731 1139 956 1195 Crispinus
977 1139 1268 1183 Hannibalem
1294 1140 1445 1182 adesse

94 1202 216 1242 ratus
247 1199 552 1243 conscenderet
582 1214 716 1242 naues
749 1214 799 1242 ac
830 1199 1006 1255 fugeret

184 1270 254 1314 27.
297 1269 440 1326 Scipio
460 1270 728 1312 Aemilianus
750 1270 803 1312 ad
822 1270 1104 1312 Numantiam
1129 1270 1330 1312 omnibus
1355 1284 1446 1312 non

93 1328 345 1370 cohortibus
382 1332 572 1382 tantum,
616 1330 691 1371 sed
731 1330 934 1371 centuriis
973 1329 1227 1385 sagittarios
1267 1332 1311 1370 et
1349 1328 1445 1370 fun-

93 1386 256 1428 ditores
286 1388 554 1442 interposuit.
1470 1399 1515 1430 20

185 1457 254 1500 28.
292 1456 521 1512 Pelopidas
558 1457 802 1508 Thebanus,
841 1471 936 1500 cum
979 1472 1004 1499 a
1042 1457 1263 1499 Thessalis
1301 1457 1346 1499 in
1378 1457 1444 1499 fu-

95 1529 198 1571 gam
227 1530 377 1558 uersus
402 1515 574 1571 flumen,
604 1517 650 1558 in
676 1531 760 1572 quo
791 1517 1120 1559 tumultuarium
1144 1516 1308 1558 fecerat
1338 1531 1443 1571 pon-

93 1577 204 1629 tem,
234 1575 483 1629 liberasset,
518 1589 572 1616 ne
610 1575 890 1630 sequentibus
926 1575 1128 1618 hostibus
1159 1575 1272 1617 idem
1304 1578 1443 1617 trans-

50 1664 55 1667 .
94 1632 201 1732 itus¹⁵
213 1635 415 1687 maneret,
444 1634 682 1675 nouissimo
715 1635 880 1688 agmini
904 1634 1136 1689 praecepit,
1166 1634 1444 1675 incenderent

91 1705 180 1746 pon
203 1705 282 1734 em.
1471 1703 1515 1735 25

184 1749 253 1791 29.
295 1749 492 1800 Romani,
522 1764 618 1791 cum
650 1748 882 1804 Campanis
914 1750 1130 1804 equitibus
1161 1751 1280 1792 nullo
1313 1750 1442 1792 modo

96 1822 222 1862 pares
254 1810 421 1862 essent,
463 1807 511 1856 Q.
542 1807 734 1850 Naeuius
771 1808 962 1851 centurio
1006 1809 1053 1850 in
1091 1809 1278 1851 exercitu
1317 1808 1443 1851 Fului

192 1939 211 1970 1
237 1934 419 1970 fudissent
445 1934 480 1971 G
503 1934 661 1970 fuissent
685 1934 730 1969 H
733 1935 771 1970 P
799 1934 983 1980 fugissent
1007 1936 1032 1970 d
1061 1934 1136 1970 fusi
1161 1937 1285 1971 essent
1311 1935 1405 1971 oud.
1433 1936 1438 1982 ῐ

92 1984 117 2016 5
143 1980 356 2026 thrasynem
379 1993 468 2017 num
488 1981 548 2016 Η1
571 1982 800 2027 thrasymem
824 1994 913 2017 num
937 1983 961 2017 h
990 1982 1286 2018 thrasimennum
1307 1983 1341 2018 G
1364 1984 1441 2018 tra·

95 2028 302 2063 simennum
314 2028 352 2064 P
369 2030 375 2073 Ι
402 2029 625 2074 acceperant
637 2029 683 2063 H
699 2030 705 2073 Ι
727 2033 748 2063 6
766 2028 965 2074 redigisset
977 2029 1076 2065 GIP
1098 2030 1103 2076 Ι
1125 2034 1147 2065 8
1166 2041 1252 2066 suas
1271 2040 1339 2065 om.
1354 2029 1412 2064 H¹

94 2078 119 2110 9
144 2074 297 2119 aliquod
317 2075 424 2111 GH¹
446 2077 451 2119 Ι
474 2080 517 2110 11
543 2076 675 2120 Mag-us
698 2075 756 2111 ΗἺ
778 2078 783 2120 Ι
805 2075 989 2122 Crispino]
1015 2077 1142 2113 Cincio
1162 2077 1250 2112 Liu.
1271 2080 1334 2119 27,
1353 2079 1407 2112 28

98 2125 148 2174 12·
169 2121 344 2175 diffundit
362 2123 470 2176 ΘῌΙ
500 2126 544 2158 13
570 2133 767 2176 caeso-eng.
788 2123 848 2159 Ηι
872 2134 1020 2177 caesum
1045 2124 1104 2167 ΡΙ
1137 2128 1180 2159 16
1207 2123 1322 2158 efficit
1347 2124 1405 2158 H¹

94 2179 299 2268 &22¹¹me
308 2169 611 2252 fflfflfflffiuf
623 2180 848 2261 ἑῖῗὲἒᾛ
860 2170 1178 2263 ἐῖἵὲἑῖῗέήῗῖἒ
1200 2174 1206 2261 ἔ
1227 2172 1443 2253 2119.Ξῖἶὲζῖ

94 2262 185 2296 salis
209 2262 269 2308 ΡΙ
295 2266 341 2298 23
359 2263 579 2316 transiturus
597 2263 632 2299 G
652 2263 670 2316 l·
691 2267 737 2299 24
761 2263 904 2308 agmini
930 2264 968 2299 P
995 2266 1144 2310 agmine
1161 2264 1271 2309 GH!
1305 2268 1350 2300 27
1375 2275 1443 2309 pa-

95 2310 171 2344 tres
189 2308 248 2343 Ηι
269 2309 275 2356 Ι
304 2308 468 2345 Naeuius
487 2311 566 2346 edd.
586 2321 717 2345 nemus
737 2310 824 2346 GH
826 2311 864 2347 P
889 2311 1032 2347 Nauius
1051 2312 1139 2348 Liu.
1156 2314 1220 2356 26,
1239 2314 1272 2346 4.
1294 2314 1327 2347 5.
1361 2311 1439 2347 Val.

99 2355 207 2390 Max.
233 2359 272 2400 2,
290 2359 326 2400 3,
346 2359 369 2393 3
390 2358 397 2402 Ι
426 2356 534 2392 fuluii
557 2358 580 2392 h
