1612 2488
92 740 137 773 10

91 1035 136 1067 15

89 1331 137 1362 20

89 1624 135 1656 25

91 1919 136 1950 30

163 86 222 128 42
437 86 536 123 IULI
560 87 797 124 FRONTINI
823 87 1255 134 STRATEGEMATON

162 210 337 250 norum,
376 210 545 251 semper
575 195 784 239 inclinato
817 196 885 239 die
917 197 1187 240 committere
1217 198 1382 253 proelia
1413 198 1517 240 soli·

162 258 274 310 tum,
305 257 371 306 ut,
403 255 439 297 si
470 254 727 310 fugarentur
759 256 842 307 sui,
876 259 1166 311 opportunam
1189 259 1362 300 noctem
1387 256 1515 300 habe-

161 316 259 357 rent
290 314 344 356 ad
375 314 715 357 delitiscendum.

255 374 321 416 14.
353 372 558 416 Lucullus
586 373 790 416 aduersus
816 372 1119 416 Mithridatem
1144 376 1188 416 et
1212 374 1445 430 Tigranem
1469 375 1516 417 in

162 432 370 474 Armenia
406 436 567 475 maiore
606 433 719 488 apud
751 433 1126 489 Tigranocertam,
1164 447 1261 476 cum
1298 434 1392 489 ipse
1427 447 1516 476 non

162 492 351 547 amplius
389 492 635 547 quindecim
674 492 795 534 milia
832 494 1098 534 armatorum
1134 492 1334 544 haberet,
1375 492 1515 535 hostis

162 554 308 593 autem
339 551 699 594 innumerabilem
730 550 1053 594 multitudinem
1090 565 1224 607 eoque
1261 552 1358 607 ipso
1395 550 1518 594 inha-

161 610 314 665 bilem,
355 625 459 653 usus
497 610 580 653 hoc
611 613 701 652 eius
732 609 1005 653 incommodo
1042 610 1233 654 nondum
1269 610 1516 654 ordinatam

161 669 354 712 hostium
393 670 528 711 aciem
565 669 728 711 inuasit
765 672 895 725 atque
939 669 1002 712 ita
1039 670 1238 725 protinus
1276 669 1516 726 dissipauit,

162 731 211 771 ut
240 728 326 784 ipsi
357 742 526 783 quoque
558 742 683 784 reges
716 729 894 771 abiectis
925 728 1172 785 insignibus
1202 728 1419 785 fugerent.

253 787 321 830 15.
370 787 438 830 Ti.
473 786 589 830 Nero
636 787 841 830 aduersus
886 787 1152 839 Pannonios,
1202 802 1299 830 cum
1342 787 1516 830 barbari

161 846 326 889 feroces
359 847 405 888 in
431 847 567 889 aciem
599 847 767 890 oriente
794 847 945 889 statim
970 846 1037 889 die
1061 847 1384 902 processissent,
1415 861 1516 890 con-

161 906 293 948 tinuit
325 920 426 948 suos
458 921 696 961 passusque
728 908 794 948 est
825 906 996 949 hostem
1026 906 1186 949 nebula
1215 908 1260 949 et
1291 905 1517 960 imbribus,

162 965 235 1020 qui
259 964 372 1007 forte
397 965 472 1006 illo
499 965 567 1007 die
593 965 732 1008 crebri
757 967 891 1021 erant,
915 965 1148 1008 uerberari.
1181 979 1233 1008 ac
1251 964 1416 1020 deinde,
1441 965 1517 1007 ubi

162 1024 323 1066 fessum
360 1024 514 1066 stando
547 1027 590 1066 et
620 1025 771 1079 pluuia
801 1038 890 1066 non
922 1025 1063 1067 solum
1091 1024 1166 1066 sed
1192 1026 1236 1066 et
1259 1023 1515 1066 lassitudine

162 1083 340 1125 deficere
372 1083 697 1138 animaduertit,
729 1083 853 1138 signo
883 1083 985 1126 dato
1019 1083 1195 1126 adortus
1228 1083 1461 1138 superauit.

253 1143 321 1184 16.
359 1140 405 1184 O.
426 1140 585 1184 Caesar
609 1143 654 1184 in
680 1141 842 1197 Gallia,
867 1142 968 1197 quia
994 1145 1264 1197 compererat
1289 1141 1513 1184 Ariouisto

162 1200 476 1243 Germanorum
507 1202 602 1256 regi
633 1201 884 1244 institutum
913 1204 957 1243 et
983 1202 1107 1256 quasi
1137 1201 1277 1258 legem
1303 1214 1396 1243 esse
1426 1215 1515 1243 non

161 1260 383 1316 pugnandi
409 1260 678 1302 decrescente
708 1261 826 1315 luna,
859 1262 953 1302 tum
984 1260 1260 1316 potissimum
1285 1260 1375 1303 acie
1400 1273 1515 1302 com·

163 1320 297 1362 missa
327 1319 545 1374 inpeditos
577 1319 790 1375 religione
821 1319 968 1362 hostes
1001 1319 1118 1363 uicit.

253 1379 321 1421 17.
358 1377 496 1420 Diuus
535 1379 760 1434 Augustus
791 1378 1085 1433 Vespasianus
1122 1377 1305 1421 Iudaeos
1338 1375 1516 1420 Saturni

162 1438 248 1492 die,
298 1452 382 1492 quo
433 1438 495 1479 eis
539 1438 662 1480 nefas
708 1440 774 1480 est
816 1437 1045 1493 quicquam
1089 1437 1226 1480 seriae
1267 1436 1329 1479 rei
1374 1450 1515 1492 agere,

163 1496 339 1538 adortus
372 1497 604 1551 superauit.

253 1555 320 1597 18.
353 1554 574 1610 Lysander
597 1554 963 1597 Lacedaemonius
990 1553 1196 1597 aduersus
1225 1553 1512 1596 Athenienses

162 1614 274 1669 apud
306 1613 656 1669 Aegospotamos
692 1613 886 1656 instituit
923 1615 1040 1656 certo
1078 1616 1273 1669 tempore
1307 1612 1514 1655 infestare

161 1687 293 1716 naues
318 1673 666 1727 Atheniensium,
698 1673 796 1715 dein
826 1687 1028 1716 reuocare
1060 1673 1256 1715 classem.
1311 1686 1363 1714 ea
1392 1685 1438 1714 re
1468 1671 1515 1713 in

161 1731 516 1774 consuetudinem
541 1732 766 1788 perducta,
792 1746 888 1774 cum
914 1731 1201 1774 Athenienses
1226 1733 1327 1787 post
1352 1730 1514 1785 digres-

162 1806 257 1833 sum
290 1792 380 1833 eius
413 1792 467 1834 ad
499 1791 815 1834 contrahendas
855 1791 1002 1846 copias
1040 1790 1407 1846 dispergerentur,
1445 1803 1514 1831 ex-

161 1850 299 1891 tendit
325 1864 375 1891 ex
395 1851 704 1893 consuetudine
730 1851 910 1892 classem
937 1852 981 1892 et
999 1850 1177 1904 recepit:
1202 1852 1295 1890 tum
1319 1847 1512 1890 hostium

162 1909 351 1950 maxima
382 1913 506 1964 parte
533 1925 585 1952 ex
610 1923 727 1952 more
759 1909 945 1964 dilapsa,
976 1908 1165 1962 reliquos
1197 1907 1372 1949 adortus
1404 1906 1512 1949 occi-

162 1967 225 2009 dit
258 1967 358 2020 <et>
390 1968 615 2010 uniuersas
646 1982 780 2010 naues
813 1967 938 2023 cepit.

256 2099 279 2130 4
304 2095 465 2130 Luculus
485 2094 542 2129 H¹
565 2097 573 2140 ι
599 2094 829 2130 mitridatem
851 2096 908 2135 ΡΙ
938 2093 1165 2138 Thigranem
1183 2091 1244 2137 ΡΙ
1274 2094 1295 2126 5
1321 2090 1512 2127 armoenia

161 2142 207 2177 H
223 2144 229 2187 1
250 2141 426 2187 thigrana
445 2143 585 2177 certam
599 2142 636 2177 P
654 2144 659 2186 Ι
682 2147 702 2178 6
723 2143 849 2178 hostes
870 2141 962 2185 ΗΡ,
986 2151 1078 2177 corr.
1098 2140 1123 2175 d
1144 2140 1150 2186 Ι
1172 2142 1217 2174 10
1242 2138 1451 2192 abiectibus
1469 2138 1517 2175 H

161 2192 245 2226 ante
269 2200 362 2226 corr.
392 2191 397 2233 l
426 2192 470 2224 11
495 2187 550 2224 Ti.
577 2190 655 2224 edd.
682 2190 723 2225 Τ.
743 2190 819 2232 ῙιΡ,
843 2200 910 2225 om.
929 2188 988 2224 H¹
1009 2189 1014 2233 1
1051 2190 1093 2222 12
1121 2186 1256 2221 orienti
1274 2185 1343 2232 ΗΙ
1378 2189 1422 2222 15
1447 2185 1512 2221 sed

162 2239 200 2272 et
224 2248 290 2272 om.
318 2237 363 2272 H
393 2238 399 2281 Ι
434 2240 476 2271 17
504 2234 541 2270 C.
568 2246 635 2272 om.
657 2236 702 2271 H
726 2238 730 2281 Ι
767 2240 809 2272 18
841 2234 1024 2272 militibus
1046 2237 1129 2279 post
1153 2243 1232 2269 esse
1259 2233 1343 2270 add.
1371 2234 1397 2269 d
1423 2233 1430 2280 Ι
1463 2235 1508 2268 21

160 2284 404 2329 nespasionus
418 2284 464 2320 H
482 2288 487 2326 Ι
509 2286 554 2318 25
575 2293 691 2328 aegeo
711 2286 886 2329 potamus
906 2282 952 2318 H
972 2292 1064 2327 egeo
1084 2282 1254 2326 potamos
1273 2280 1319 2323 P,
1344 2290 1436 2316 corr.
1455 2280 1482 2315 d
1503 2280 1509 2326 Ι

160 2331 330 2366 infestari
351 2332 410 2374 Ρξ
441 2335 486 2366 26
513 2330 647 2366 deinde
667 2331 692 2366 d
714 2332 719 2375 Ι
741 2334 785 2365 27
813 2329 1080 2366 consuetudine
1106 2327 1151 2362 H
1154 2329 1164 2348 ¹
1187 2331 1190 2371 Ι
1214 2331 1255 2362 31
1285 2330 1323 2363 et
1347 2327 1466 2373 suppl.
1485 2327 1511 2362 d
