1612 2488
124 739 168 771 10

128 1152 169 1184 15

127 1449 171 1480 20

128 1744 172 1776 25

191 86 247 130 28
465 86 566 122 IULI
590 85 828 122 FRONTINI
858 83 1286 122 STRATEGEMATON

192 210 310 239 cesse
340 195 425 238 fuit
455 198 585 251 capta
610 194 792 237 castella
819 193 1035 250 praesidio
1062 193 1276 237 obtinere:
1308 208 1417 250 quos
1441 193 1558 236 Dio--

190 256 359 310 nysius,
390 255 590 297 redactos
622 254 676 296 ad
708 268 839 309 quam
870 253 1067 296 voluerat
1097 252 1380 308 paucitatem,
1413 267 1549 308 paene

191 315 279 357 iam
304 329 384 369 par
408 328 587 357 numero
615 313 846 368 adgressus
871 313 990 364 uicit,
1015 327 1112 355 cum
1138 326 1238 356 suos
1261 312 1551 356 contraxisset

193 376 236 416 et
268 373 541 416 aduersarios
574 372 817 428 sparsisset.

285 433 351 476 12.
386 432 619 488 Agesilaus
645 431 1032 485 Lacedaemonius,
1058 445 1156 473 eum
1180 430 1362 473 inferret
1388 430 1550 474 bellum

192 492 523 547 Tissaphernae,
550 490 723 534 Cariam
748 505 794 533 se
819 492 966 546 petere
992 490 1226 542 simulauit,
1251 490 1378 546 quasi
1403 489 1551 545 aptius

192 551 300 595 locis
320 550 564 594 montuosis
585 550 792 592 aduersus
818 549 988 591 hostem
1008 549 1202 604 equitatu
1227 549 1551 605 praeualentem

192 613 477 666 pugnaturus.
539 624 616 664 per
646 610 760 652 hanc
791 608 963 651 consilii
996 608 1334 651 ostentationem
1367 610 1552 651 auocato

192 670 238 712 in
258 668 432 712 Cariam
453 669 755 724 Tissapherne,
781 668 874 724 ipse
892 666 1091 723 Lydiam,
1115 667 1340 723 ubi.caput
1357 667 1550 710 hostium

194 729 319 785 regni
345 731 451 782 erat,
481 728 649 783 inrupit
680 727 998 782 oppressisque,
1029 727 1103 782 qui
1132 726 1223 769 illic
1248 726 1450 782 agebant,
1478 739 1550 781 pe·

195 789 323 831 cunia
353 788 475 844 regia
505 788 671 842 potitus
704 789 782 829 est.

301 927 418 965 VIIII.
458 927 522 962 DE
550 925 807 962 SEDITIONE
834 924 1043 961 MILITUM
1069 924 1440 962 COMPESCENDA.

287 1025 325 1066 1.
370 1022 508 1066 Aulus
546 1023 736 1065 Manlius
774 1022 944 1076 consul,
988 1036 1085 1065 cum
1129 1022 1413 1077 comperisset
1456 1035 1555 1064 con-

194 1083 360 1125 iurasse
403 1082 563 1125 milites
608 1082 653 1124 in
698 1082 891 1123 hibernis
930 1079 1212 1137 Campaniae,
1257 1082 1307 1122 ut
1347 1080 1554 1134 iugulatis

195 1141 443 1197 hospitibus
469 1142 556 1197 ipsi
580 1156 649 1183 res
674 1141 929 1183 inuaderent
953 1155 1112 1195 eorum,
1139 1153 1356 1182 rumorem
1382 1139 1556 1196 sparsit,

197 1201 348 1244 eodem
379 1202 475 1244 loco
508 1201 830 1243 hibernaturos:
868 1202 999 1255 atque
1035 1199 1101 1242 ita
1132 1198 1328 1254 <dilat0>
1359 1198 1555 1241 coniura-

195 1263 341 1303 torum
381 1260 562 1303 consilio
605 1258 890 1314 Campaniam
933 1258 1124 1314 periculo
1167 1257 1372 1300 liberauit
1415 1260 1460 1300 et
1503 1271 1555 1300 ex

198 1320 420 1362 occasione
451 1321 656 1362 nocentes
687 1318 842 1374 puniit.

288 1379 325 1421 2.
358 1378 404 1421 L.
433 1377 573 1433 Sulla,
605 1393 702 1420 cum
734 1377 926 1433 legiones
953 1377 1111 1419 ciuium
1135 1376 1432 1419 Romanorum
1462 1389 1556 1430 per-

196 1438 363 1480 niciosa
396 1438 606 1480 seditione
636 1437 847 1491 furerent,
885 1436 1066 1478 consilio
1097 1435 1292 1477 restituit
1323 1434 1556 1476 sanitatem

199 1497 401 1540 efferatis.
461 1510 643 1552 propere
676 1495 791 1538 enim
823 1494 1073 1538 adnuntiari
1102 1495 1250 1549 iussit,
1279 1493 1452 1536 hostem
1484 1492 1556 1534 ad-

199 1570 310 1611 esse,
355 1559 398 1598 et
436 1556 490 1598 ad
528 1570 649 1598 arma
689 1555 937 1597 uocantium
990 1554 1224 1596 clamorem
1265 1551 1382 1607 tolli,
1432 1551 1557 1607 signa

199 1629 367 1657 canere:
400 1615 596 1658 discussa
627 1614 779 1656 seditio
813 1616 879 1655 est
903 1613 1118 1655 uniuersis
1145 1611 1352 1654 aduersus
1382 1611 1556 1654 hostem

199 1675 582 1717 consentientibus.

290 1734 329 1776 3.
371 1732 446 1776 Cn.
478 1733 730 1788 Pompeius,
761 1731 979 1775 trucidato
1011 1731 1065 1773 ab
1099 1730 1289 1773 exercitu
1319 1727 1558 1772 Mediolani

301 1866 318 1896 1
347 1861 515 1896 obtinere
542 1862 740 1897 Heinsius.-
765 1860 812 1904 cf.
838 1863 874 1903 3,
893 1862 928 1903 3,
948 1862 980 1895 1.
1007 1862 1043 1902 6,
1063 1862 1085 1893 1
1116 1857 1171 1894 ibi
1194 1858 1320 1892 tenere
1345 1855 1392 1891 H
1397 1855 1435 1890 P
1462 1854 1559 1890 mili-

202 1911 284 1944 tum
310 1911 438 1944 tenere
464 1910 489 1944 d
523 1908 527 1954 Ι
562 1913 583 1943 3
609 1919 676 1953 par
701 1919 768 1944 om.
788 1907 848 1943 H¹
881 1906 887 1954 Ι
927 1910 948 1942 5
974 1903 1265 1941 lacaedemoniis
1290 1903 1337 1939 H
1362 1904 1368 1948 Ι
1401 1907 1423 1939 6
1446 1902 1559 1938 tissa-

203 1956 345 2002 pherne
371 1956 417 1991 H
438 1954 682 2000 Tissapherni
708 1957 786 1992 edd.
810 1957 816 1999 Ι
843 1953 981 1990 cariam
1007 1963 1073 1989 om.
1099 1951 1159 1987 H¹
1181 1953 1186 1996 Ι
1217 1961 1257 1986 se
1280 1949 1427 1996 petere]
1451 1959 1559 1995 repe-

202 2006 281 2038 tere
301 2003 347 2038 H
365 2004 370 2048 1
394 2007 413 2038 7
435 2002 642 2047 equitatum
662 2003 708 2038 H
727 2005 731 2048 Ι
754 2007 774 2038 9
794 2000 950 2047 Lydiam
969 2021 1014 2026 -
1034 1999 1149 2045 caput
1172 2009 1237 2034 om.
1253 1997 1299 2033 H
1316 1999 1321 2042 Ι
1345 2000 1390 2033 10
1409 2007 1560 2043 oppres—

203 2050 251 2086 sit
277 2050 416 2095 quique
445 2049 599 2095 (quequi
624 2060 716 2085 corr.
740 2051 781 2094 h)
808 2049 854 2085 H
871 2051 876 2093 Ι
906 2047 964 2083 illi
989 2047 1048 2083 H¹
1377 2090 1386 2098 ·

303 2101 345 2133 13
371 2097 534 2132 Manlius
561 2097 639 2132 edd.
671 2096 807 2132 malius
835 2096 871 2140 (i
894 2105 1071 2141 superse-r.
1091 2092 1150 2137 H)
1173 2091 1253 2128 GH
1280 2090 1433 2126 mallius
1453 2090 1491 2125 P
1519 2089 1558 2127 C.

200 2144 361 2181 Marcius
387 2144 490 2180 Stew.
517 2155 560 2179 ex
585 2143 673 2178 Liu.
700 2147 735 2187 7,
755 2147 818 2188 38,
838 2147 863 2179 8
902 2144 907 2187 Ι
947 2139 1217 2186 comperissent
1242 2138 1288 2174 H
1314 2141 1400 2174 ante
1423 2148 1515 2174 corr.
1551 2137 1557 2184 Ι

204 2197 248 2229 15
277 2191 499 2238 spargitPl
525 2195 567 2226 16
594 2190 725 2226 eodem
751 2191 839 2226 dein
854 2190 948 2226 Oud.
975 2189 1105 2224 eodem
1131 2187 1251 2222 denuo
1265 2185 1400 2222 Han-tel
1422 2184 1560 2221 iterum

207 2239 340 2276 eodem
368 2239 408 2275 O.
429 2239 644 2282 Hirschfeld
666 2241 670 2269 1
694 2237 813 2273 dilato
838 2236 1009 2283 suppleui
1033 2235 1111 2270 coll.
1130 2234 1217 2269 Liu.
1239 2236 1275 2278 7,
1289 2235 1389 2278 38,9
1414 2233 1560 2268 contur-

204 2287 298 2323 bato
324 2287 411 2323 add.
432 2286 566 2322 Hartel
597 2285 750 2320 turbato
771 2288 856 2331 post
881 2282 1036 2320 consilio
1061 2282 1231 2327 supplent
1255 2281 1334 2316 edd.
1356 2280 1363 2326 1
1394 2283 1438 2315 19
1465 2277 1564 2325 sylla

204 2335 295 2370 ΗΡ
315 2336 321 2379 l
352 2338 396 2369 22
424 2334 599 2369 uocatum
620 2332 665 2367 H
686 2336 771 2367 ante
796 2343 887 2368 corr.
917 2332 922 2375 Ι
953 2333 998 2365 25
1022 2330 1173 2364 trudato
1192 2327 1253 2363 Hl
