1612 2488
533 102 680 139 LIBER
702 101 766 138 m.
803 100 912 140 CAP.
932 103 1037 136 8—9.
1382 98 1465 142 101

117 211 454 269 perfectissimos
480 213 731 254 aeneatores
755 209 1048 263 inmiscuerat‚
1078 208 1199 251 misit
1223 208 1365 264 capite
1394 221 1467 264 pe·

118 272 329 328 dibusque
359 270 500 324 nudis,
529 273 579 312 ut
602 271 857 325 prospectus
881 269 1089 323 nisusque
1120 281 1198 322 per
1228 281 1334 310 saxa
1362 266 1468 309 faci-

117 330 204 373 lior
232 330 364 384 foret,
404 330 538 372 scutis
570 328 811 384 gladiisque
840 330 964 383 tergo
996 327 1170 382 aptatis.
1231 327 1277 368 hi
1308 325 1467 382 Ligure

118 389 299 432 ducente
333 389 439 431 loris
475 391 521 430 et
556 388 688 430 clavis
724 387 881 442 quibus
920 387 967 428 in
1003 400 1185 428 ascensu
1214 385 1469 428 nitebantur

120 448 272 502 adiuti,
301 462 398 490 cum
429 447 483 490 ad
513 447 753 502 posteriora
777 442 880 499 (et)
906 446 962 487 ob
994 444 1038 487 id
1068 459 1206 487 uacua
1235 444 1467 487 defensori·
1493 453 1516 486 5

121 508 201 550 bus
232 506 399 550 castelli
427 506 745 561 peruenissent,
782 504 1008 546 concinere
1039 507 1083 546 et
1112 503 1389 557 tumultuari,
1418 505 1469 545 ut

122 569 398 622 praeceptum
423 567 529 619 erat,
560 565 812 620 coeperunt:
844 563 899 605 ad
930 562 1043 617 quod
1075 563 1362 605 constitutum
1380 561 1471 604 Ma-

121 625 212 668 rius
237 624 509 667 constantius
535 623 789 665 adhortatus
822 636 924 664 suos
956 621 1095 664 acrius
1126 622 1290 664 instare
1320 621 1471 663 castel-

123 684 237 726 lanis
260 683 415 738 coepit,
445 696 554 738 quos
579 682 634 724 ab
658 681 808 723 inbelli
833 681 1114 723 multitudine
1138 694 1315 723 suorum
1345 694 1471 722 reuo-

123 747 256 796 catos,
284 746 506 796 tamquam
532 756 559 783 a
582 744 707 795 tergo
734 741 849 795 capti
880 743 1036 794 essent,
1065 740 1285 782 insecutus
1316 739 1471 782 castel-
1497 748 1542 780 1ο

120 802 211 844 lum
241 815 289 843 ce
321 801 368 843 it.

209 860 251 902 4.
288 815 335 902 fs.
354 857 579 902 Cornelius
607 858 788 900 Rufinus
820 857 972 900 consul
1001 856 1225 911 complura
1249 855 1473 899 Sardiniae

124 919 238 973 cepit
267 918 442 973 oppida,
482 917 583 959 dum
614 916 884 958 firmissimas
916 917 1061 970 partes
1093 916 1314 970 copiarum
1342 918 1474 958 noctu

125 977 319 1032 exponit,
355 976 513 1032 quibus
550 976 862 1031 praecipiebat,
899 974 1193 1017 delitiscerent
1224 975 1473 1029 opperiren-

124 1039 281 1091 turque
310 1039 494 1090 tempus,
524 1049 610 1090 quo
639 1035 734 1089 ipse
762 1048 895 1076 naues
926 1034 1183 1089 appelleret:
1214 1033 1473 1076 occurrenti-
1500 1041 1544 1076 15

123 1096 207 1137 bus
238 1094 391 1136 deinde
422 1094 674 1136 aduentanti
703 1093 903 1136 hostibus
940 1096 983 1134 et
1022 1093 1077 1134 ab
1107 1092 1204 1147 ipso
1234 1107 1312 1147 per
1342 1093 1474 1134 simu·

125 1154 336 1196 lationem
366 1153 495 1209 fugae
526 1153 699 1208 longius
724 1152 778 1194 ad
801 1151 1142 1207 persequendum
1174 1152 1379 1205 auocafis,
1408 1151 1475 1193 illi

123 1213 169 1254 in
198 1212 372 1254 relictas
403 1212 458 1253 ab
489 1211 558 1253 his
588 1211 717 1253 urbes
748 1211 958 1266 impetum
987 1210 1192 1253 fecerunt.

215 1270 255 1312 5.
297 1270 484 1312 Pericles
515 1270 654 1324 (dux)
685 1269 1036 1324 Atheniensium,
1075 1284 1173 1311 cum
1204 1270 1476 1325 oppugnaret

125 1329 340 1384 quandam
374 1329 593 1371 ciuitatem
623 1342 782 1383 magno
817 1342 1027 1370 consensu
1058 1327 1376 1370 defendentium
1406 1330 1475 1369 tu-
1499 1336 1546 1368 20

124 1390 228 1441 tam,
256 1390 383 1430 nocte
415 1387 469 1429 ab
495 1401 546 1429 ea
564 1390 688 1441 parte
707 1401 941 1439 murorum,
971 1401 1080 1441 quae
1104 1388 1213 1428 mari
1239 1386 1475 1440 adiacebat,

126 1446 355 1488 classicum
387 1446 484 1488 cani
514 1446 833 1500 clamoremque
864 1446 963 1487 tolli
992 1445 1138 1487 iussit:
1169 1445 1318 1488 hostes
1348 1460 1475 1500 pene-

124 1508 289 1548 tratum
329 1505 417 1547 illic
454 1505 499 1546 in
537 1505 741 1559 oppidum
772 1504 856 1546 rati
891 1505 1160 1559 reliquerunt
1190 1507 1361 1559 portas,
1399 1519 1477 1560 per

131 1578 239 1619 quas
270 1563 459 1606 Pericles
490 1563 718 1605 destitutas
748 1563 962 1618 praesidio
993 1563 1168 1618 inrupit.

216 1622 257 1664 6.
310 1621 553 1664 Alcibiades
607 1622 693 1663 dux
748 1622 1079 1663 Atheniensium
1138 1620 1343 1676 Cyzicum
1400 1635 1475 1675 op·
1501 1630 1546 1662 25

126 1680 383 1736 pugnandae
421 1680 512 1722 eius
549 1694 677 1722 causa
713 1683 839 1722 nocte
870 1681 1118 1734 inprouisus
1160 1680 1341 1722 accessit
1370 1679 1474 1734 (et)

128 1752 180 1780 ex
217 1738 386 1780 diuersa
427 1741 548 1792 parte
592 1738 810 1780 moenium
853 1738 1090 1780 cornicines
1140 1752 1292 1780 canere
1335 1738 1483 1781 iussit.-

222 1823 244 1854 2
263 1819 470 1864 prospectis
489 1819 535 1853 H
551 1820 557 1863 Ι
578 1822 600 1853 3
625 1818 739 1854 scutis
759 1817 896 1863 gladiis
913 1817 1125 1863 gladiisque
1144 1818 1203 1852 Ηι
1223 1819 1230 1862 Ι
1250 1818 1308 1864 hi]
1327 1818 1367 1852 in
1385 1818 1446 1854 ΗἸ
1468 1818 1473 1865 Ι

126 1865 288 1912 ligurem
312 1866 371 1901 Ηι
397 1867 403 1911 Ι
442 1869 466 1900 4
490 1866 623 1900 ducem
655 1864 784 1901 teloris
808 1865 869 1900 Ηι
906 1864 1063 1900 ducente
1086 1864 1178 1900 loris
1202 1866 1227 1900 h
1263 1865 1358 1901 duce
1382 1865 1477 1900 telo-

125 1912 179 1948 ris
203 1914 241 1948 P
262 1913 357 1949 duce
381 1915 420 1948 et
442 1912 533 1948 loris
557 1913 636 1948 edd.
658 1915 664 1956 Ι
686 1913 725 1948 et
748 1923 815 1947 om.
834 1911 894 1946 H¹
915 1914 922 1955 Ι
954 1923 1144 1948 ascensum
1163 1912 1206 1947 H
1224 1914 1230 1957 1
1261 1916 1283 1948 5
1308 1913 1475 1958 posteria

128 1960 198 2005 ΗΙ
230 1961 269 1995 et
290 1961 433 2006 supplet
457 1961 482 1995 d
515 1963 522 2003 ῐ
554 1963 575 1995 9
594 1958 763 1995 inbecilli
778 1959 838 1994 Ηι
871 1959 877 2004 Ι
912 1963 955 1994 12
974 1959 1129 1994 Rufinus
1153 1960 1270 1995 delent
1294 1960 1395 1995 αἶα..-
1426 1961 1472 2003 cf.

122 2008 245 2052 praef.
262 2007 347 2054 §11
369 2009 376 2052 Ι
398 2008 591 2052 cumplura
606 2006 674 2047 ΗΙ
698 2009 741 2041 15
765 2017 880 2041 naues
898 2007 924 2042 d
948 2007 1057 2042 natus
1075 2006 1183 2052 ΗΡΙ
1207 2011 1250 2042 16
1274 2019 1342 2052 per
1361 2006 1475 2041 simu-

129 2052 309 2090 lationem
332 2065 399 2090 om.
419 2054 465 2089 H
481 2055 488 2100 Ι
519 2057 563 2089 18
588 2054 634 2089 iis
659 2053 720 2099 ΡΙ
753 2054 920 2088 fecerunt
942 2054 968 2089 d
991 2053 1159 2089 facerent
1181 2054 1228 2089 H
1235 2054 1294 2096 ΡΙ
1330 2057 1374 2088 19
1400 2053 1476 2088 dux

128 2102 299 2146 supplent
321 2101 419 2137 edd„-
443 2103 491 2145 cf.
510 2113 550 2146 p.
575 2103 660 2143 106,
677 2103 724 2136 14
745 2101 751 2146 Ι
772 2099 1001 2136 atheniensis
1025 2102 1050 2136 d
1071 2104 1077 2144 Ι
1098 2104 1145 2135 20
1170 2111 1348 2136 concursu
1373 2100 1476 2135 Har-

130 2148 177 2183 tel
197 2150 203 2191 1
224 2148 360 2194 tutam]
387 2150 469 2183 tota
486 2160 531 2184 ex
548 2149 630 2184 tata
654 2147 696 2182 Η
717 2149 723 2192 1
744 2151 790 2183 23
815 2147 904 2182 illac
923 2147 961 2182 P
980 2149 987 2191 Ι
1006 2147 1197 2193 liquerunt
1218 2148 1262 2182 H
1279 2149 1285 2192 Ι
1306 2150 1352 2182 25
1378 2146 1474 2182 cuzi-

131 2205 215 2229 cum
243 2195 303 2240 ΡΙ
337 2199 382 2230 26
409 2195 649 2240 oppugnandi
672 2195 725 2239 d}
754 2193 835 2229 eius
859 2205 926 2230 om.
950 2194 1008 2230 ΗἼ
1031 2195 1037 2242 Ι
1068 2197 1106 2230 et
1130 2206 1175 2230 ex
1199 2195 1225 2230 d
1255 2204 1300 2228 ex
1324 2193 1415 2228 ΗΡ
1437 2195 1477 2229 et

131 2242 209 2277 edd.
235 2241 301 2276 sed
325 2253 370 2277 ex
393 2242 485 2278 Ded.
508 2245 514 2286 Ι
536 2240 662 2287 Cyzici
686 2253 770 2276 cum
797 2243 1070 2287 oppugnandae
1096 2252 1207 2277 causa
1230 2261 1275 2267 —-
1302 2240 1476 2276 accessis·

133 2289 190 2323 set
214 2299 259 2323 ex
285 2288 418 2324 Hartel
471 2289 582 2335 cum>
608 2288 779 2334 Cyzicum
805 2289 1076 2334 oppugnandae
1102 2289 1180 2324 eius
1205 2298 1320 2323 causa
1343 2308 1389 2313 —
1414 2298 1475 2322 ac-

133 2334 307 2371 cessisset
330 2347 375 2371 ex
472 2337 523 2371 im
