1612 2488
580 431 713 479 IULI
750 431 1064 480 FRONTINI

337 559 1308 628 STRATEGEMATON

577 703 740 743 LIBER
771 704 1061 745 SECUNDUS.

232 829 469 885 Dispositis
513 830 654 886 primo
698 831 812 874 libro
857 832 1065 887 exemplis
1109 832 1406 888 instructuris,
1449 836 1498 876 ut

95 900 115 932 5
142 904 238 931 mea
264 889 351 931 fert
377 889 537 944 opinio,
558 889 709 932 ducem
734 890 780 932 in
805 890 886 946 his,
905 905 1014 947 quae
1041 893 1141 934 ante
1161 891 1498 948 <com>missum

140 948 355 1003 proelium
388 948 556 1004 agenda
589 952 706 1004 sunt,
745 949 945 1005 deinceps
976 949 1203 993 reddemus
1234 951 1498 1006 pertinentia

142 1007 195 1049 ad
228 1021 296 1062 ea,
334 1022 442 1062 quae
474 1008 521 1049 in
552 1007 647 1062 ipso
678 1008 842 1063 proelio
877 1009 948 1064 agi
979 1010 1139 1063 solent,
1177 1011 1221 1051 et
1252 1009 1403 1053 deinde
1435 1025 1498 1066 ea,

141 1081 253 1121 quae
284 1069 385 1121 post
414 1066 641 1122 proelium.

230 1125 413 1176 Eorum,
447 1140 555 1181 quae
587 1125 641 1168 ad
671 1126 885 1181 proelium
917 1127 1154 1182 pertinent,
1186 1127 1349 1182 species
1376 1130 1496 1170 sunt:

72 1194 115 1227 10
312 1184 345 1226 Ι.
377 1184 442 1226 De
474 1188 670 1240 tempore
703 1185 756 1226 ad
787 1199 979 1241 pugnam
1012 1185 1219 1242 eligendo.

288 1242 343 1286 II.
375 1243 439 1285 De
471 1244 566 1286 loco
600 1243 653 1286 ad
684 1257 876 1299 pugnam
908 1244 1117 1301 eligendo.

264 1301 342 1345 III.
374 1302 438 1345 De
471 1303 561 1345 acie
594 1302 844 1345 ordinanda.

240 1360 342 1403 IIII.
374 1361 438 1403 De
471 1362 561 1404 acie
592 1361 785 1404 hostium
816 1362 1042 1404 turbanda.

291 1420 342 1462 V.
375 1420 440 1462 De
471 1420 651 1463 insidiis.

70 1489 112 1521 15
270 1478 342 1522 VI.
374 1478 439 1521 De
473 1479 707 1521 emittendo
739 1479 880 1533 hoste,
912 1494 965 1521 ne
995 1480 1164 1522 clausus
1196 1481 1409 1535 proelium
1442 1496 1494 1524 ex

426 1537 723 1592 desperatione
755 1538 1033 1594 redintegret.

247 1595 343 1638 VII.
374 1595 439 1638 De
470 1596 794 1639 dissimulandis
827 1597 1031 1641 aduersis.

223 1654 344 1698 VIII.
375 1655 440 1698 De
471 1656 739 1698 restituenda
770 1670 847 1712 per
878 1656 1168 1699 constantiam
1199 1657 1304 1699 acie.

228 1714 391 1757 Eorum
430 1714 599 1770 deinde,
637 1729 746 1770 quae
785 1717 885 1771 post
921 1715 1136 1770 proelium
1174 1715 1343 1772 agenda
1380 1719 1494 1772 sunt,

70 1784 115 1816 20
140 1773 218 1815 has
253 1789 344 1815 esse
377 1774 539 1829 specics
572 1774 931 1816 existimauerim:

199 1832 342 1874 VIIII.
375 1831 421 1875 Si
458 1847 526 1875 res
565 1847 769 1888 prospere
814 1834 1008 1888 cesserit,
1053 1833 1103 1874 de
1144 1833 1492 1876 consummandis

423 1891 617 1946 reliquiis
649 1891 763 1934 belli.

236 1999 254 2029 1
283 1994 423 2029 SEXTI
443 1994 560 2030 IULII
579 1995 816 2031 FRONTINI
836 1993 1266 2031 STRATEGEMATON
1285 1993 1432 2030 LIBER
1452 1994 1490 2030 εἶ.

138 2040 364 2077 EXPLICIT
392 2069 399 2076 .
427 2041 609 2077 INCIPIT
648 2042 864 2078 EIUSDEM
897 2041 1041 2078 LIBER
1073 2040 1128 2077 ,IL
1160 2040 1416 2076 FELICITER
1446 2041 1492 2086 P,

137 2089 286 2125 titulum
319 2099 386 2124 om.
414 2088 514 2132 GH‚·
552 2089 598 2132 ef.
622 2090 740 2134 praef.
767 2089 795 2136 §⁵
820 2094 844 2126 8
878 2091 884 2134 Ι
918 2094 939 2125 5
966 2088 1207 2125 commissum
1232 2088 1311 2124 edd.
1348 2088 1493 2124 iussum

139 2135 265 2171 GHP
297 2135 438 2171 iustum
463 2136 521 2171 uel
546 2135 669 2180 ipsum
695 2137 720 2172 d
757 2136 892 2172 initum
917 2136 996 2173 Ser.
1020 2138 1025 2181 1
1061 2140 1082 2171 6
1107 2134 1310 2180 pertinatia
1335 2135 1382 2170 H
1404 2135 1410 2180 Ι
1446 2139 1490 2171 10

137 2184 249 2219 index
267 2183 459 2219 titulorum
470 2184 535 2225 (10
546 2194 635 2227 -ρ,
658 2185 716 2227 39,
731 2186 769 2227 5)
792 2185 886 2220 deest
903 2184 945 2218 in
961 2183 996 2219 G
1016 2185 1021 2228 1
1045 2181 1218 2227 eligando
1231 2181 1290 2216 Η1
1311 2183 1317 2227 Ι
1341 2185 1385 2218 15
1404 2181 1492 2218 mit—

137 2231 250 2266 tendo
278 2230 323 2265 H
353 2233 437 2265 ante
469 2240 560 2265 corr.
595 2230 602 2274 Ι
642 2233 687 2264 20
714 2230 1011 2266 existimauerint
1035 2229 1081 2264 H
1109 2231 1114 2273 Ι
1153 2233 1198 2264 21
1234 2228 1391 2274 gesserit
1417 2229 1461 2264 H
1483 2228 1488 2276 Ι

137 2281 182 2313 22
208 2276 363 2322 reliquis
388 2276 446 2320 H,
471 2278 554 2312 item
573 2287 612 2321 p.
635 2279 694 2319 79,
716 2281 761 2313 19
791 2280 794 2322 Ι
821 2281 904 2323 post
929 2276 1020 2312 belli
1044 2277 1239 2322 scripserat
1263 2275 1322 2312 H:
1348 2275 1492 2312 Dereti-

138 2324 289 2367 nendis,
314 2324 411 2370 quod
435 2327 556 2360 tamen
580 2323 714 2359 deleuit
738 2325 860 2360 eadem
885 2334 1016 2360 manus
