1612 2488
509 109 656 146 LIBER
675 109 736 146 tv.
774 110 878 147 CAP.
903 115 1007 148 3—4.
1345 111 1429 154 127

82 218 192 261 mati
209 217 372 260 milites
402 218 682 274 accipiebant,
712 219 952 274 gregalium
977 220 1175 275 portione
1201 224 1430 264 contentus

80 277 182 331 fuit,
224 277 389 319 malum
421 277 558 319 ciuem
595 277 759 332 dicens,
795 278 863 320 cui
900 293 987 321 non
1025 282 1142 322 esset
1170 279 1283 322 idem
1315 280 1429 335 quod

81 336 237 379 ceteris
268 336 389 377 satis.

171 395 238 438 13.
281 393 485 437 Uniuersi
510 409 678 451 quoque
703 396 914 438 exercitus
944 396 1151 439 notabilis
1183 412 1314 452 saepe
1343 398 1428 440 fuit

81 453 357 507 continentia,
381 453 493 495 sicut
516 454 607 495 eius
634 454 708 510 qui
733 454 813 496 sub
838 454 894 497 M.
915 453 1076 497 Scauro
1100 456 1269 500 meruit.
1305 471 1424 499 nam—
1450 467 1473 500 5

80 526 160 567 que
203 513 434 554 memoriae
475 512 655 554 tradidit
693 511 875 556 Scaurus
918 514 1174 569 pomiferam
1214 515 1428 571 arborem,

78 585 210 626 quam
249 571 295 612 in
327 571 445 627 pede
488 575 727 614 castrorum
776 573 918 615 fuerat
960 574 1185 629 complexa
1233 574 1427 630 metatio,

78 632 255 684 postero
303 629 374 672 die
416 630 600 672 abeunte
650 631 839 674 exercitu
887 631 1063 675 intactis
1106 632 1319 675 fiuctibus
1362 649 1426 676 re-

77 689 237 730 lictam.

168 747 236 790 14.
278 746 497 802 Auspiciis
527 747 808 802 Imperatoris
841 747 1039 792 Caesaris
1064 750 1304 794 Domitiani
1336 752 1424 794 Au·
1451 764 1495 796 1ο

76 807 195 861 gusti
226 805 480 848 Germanico
518 807 657 862 bello,
694 808 808 862 quod
844 807 978 850 Iulius
1010 806 1164 851 Ciuilis
1200 811 1246 852 in
1280 810 1424 853 Gallia

74 867 285 918 mouerat,
313 864 557 921 Lingonum
588 866 913 921 opulentissima
944 868 1110 923 ciuitas,
1140 869 1327 923 quae-ad
1354 867 1423 911 Ci-

77 923 208 966 uilem
253 923 516 978 desciuerat,
558 938 654 966 cum
697 925 951 967 adueniente
996 927 1185 969 exercitu
1223 926 1422 971 Caesaris

76 982 399 1037 populationem
429 983 614 1038 timeret,
644 984 758 1039 quod
784 987 933 1026 contra
962 987 1327 1040 exspectationem
1358 988 1422 1029 in-

77 1039 239 1083 uiolata
279 1041 390 1083 nihil
432 1055 484 1083 ex
526 1042 653 1084 rebus
692 1043 782 1084 suis
813 1043 1039 1098 amiserat,
1082 1044 1135 1086 ad
1168 1045 1421 1101 obsequium
1449 1058 1492 1090 15

74 1098 250 1142 redacta
281 1100 556 1156 septuaginta
586 1101 709 1143 milia
739 1104 1004 1144 armatorum
1034 1103 1213 1146 tradidit
1243 1105 1361 1147 mihi.

166 1157 231 1200 15.
274 1157 322 1200 L.
352 1158 597 1214 Mummius,
628 1161 702 1215 qui
727 1158 935 1203 Corintho
968 1164 1094 1217 capta
1124 1177 1212 1204 non
1241 1163 1421 1206 Italiam

74 1216 217 1260 solum
260 1217 335 1260 sed
377 1218 508 1260 etiam
543 1220 790 1273 prouincias
828 1220 988 1262 tabulis
1027 1221 1267 1277 statuisque
1299 1237 1421 1265 exor-

72 1275 215 1330 nauit,
251 1276 358 1318 adeo
394 1277 504 1318 nihil
549 1291 600 1319 ex
642 1278 777 1320 tantis
818 1279 1033 1321 manubiis
1069 1281 1116 1322 in
1157 1295 1282 1323 suum
1322 1296 1419 1324 con-

74 1333 222 1389 uertit,
258 1336 309 1376 ut
338 1334 474 1377 filiam
513 1336 603 1377 eius
640 1336 813 1391 inopem
851 1341 1026 1380 senatus
1057 1353 1109 1380 ex
1139 1340 1314 1394 publico
1346 1341 1419 1383 do·
1444 1352 1490 1384 20

71 1392 244 1434 tauerit.

528 1509 607 1544 1111.
644 1508 710 1545 DE
735 1509 957 1548 IUSTITIA.

162 1604 202 1644 1.
244 1601 426 1645 Camillo
457 1603 647 1647 Faliscos
689 1606 904 1649 obsidenti
940 1608 1031 1649 ludi
1068 1610 1277 1664 magister
1313 1610 1417 1651 libe-

55 1671 143 1702 ·ros
173 1659 441 1702 Faliscorum
471 1667 693 1717 tamquam
731 1665 980 1707 ambulandi
1010 1681 1142 1709 eausa
1173 1670 1294 1709 extra
1325 1683 1416 1710 mu-

70 1733 166 1760 rum
209 1719 384 1761 eductos
427 1721 630 1775 tradidit,
673 1722 818 1764 dicens
859 1725 1038 1766 retentis
1084 1726 1146 1766 eis
1193 1726 1415 1768 obsidibus
1442 1740 1487 1772 25

69 1777 310 1819 necessario
337 1778 558 1820 ciuitatem
577 1780 790 1835 imperata
807 1782 1033 1824 facturam.
1094 1782 1303 1826 Camillus
1327 1799 1417 1827 non

70 1835 212 1877 solum
254 1837 420 1891 spreuit
450 1837 692 1892 perfidiam,
730 1839 803 1881 sed
842 1845 885 1882 et
920 1842 1130 1884 restrictis
1160 1847 1262 1897 post
1290 1845 1416 1898 terga

70 1894 271 1936 manibus
302 1897 559 1950 magistrum
590 1897 726 1951 uirgis
769 1899 980 1954 agendum
1012 1900 1066 1942 ad
1094 1904 1295 1955 parentes
1326 1907 1415 1945 tra·

162 2014 184 2044 ὁ
208 2020 332 2046 marco
357 2010 403 2045 H
408 2011 445 2045 P
477 2014 482 2056 Ι
517 2016 538 2047 6
564 2022 715 2047 scauros
739 2013 786 2048 Η
812 2024 985 2050 escaurus
1013 2015 1051 2050 P
1080 2018 1087 2061 Ι
1122 2021 1163 2052 11
1191 2017 1413 2054 Germanico

68 2055 155 2091 GH
159 2056 197 2090 P
218 2055 430 2092 Germanici
449 2070 492 2094 eo
506 2059 531 2094 d
553 2058 558 2104 Ι
580 2058 667 2093 ilius
681 2060 726 2094 Η
742 2063 747 2102 Ι
771 2064 814 2095 12
834 2061 1025 2107 lingonum
1044 2065 1201 2109 (prim-n
1216 2068 1412 2109 superscr.)

67 2102 135 2147 ΗΙ
158 2106 202 2137 13
227 2103 487 2140 aduenientem
512 2106 619 2149 ΗΡΙ
649 2110 693 2141 14
717 2107 935 2144 inuiolatam
960 2110 1011 2155 h}
1041 2115 1084 2146 15
1109 2111 1173 2156 ad]
1200 2111 1247 2146 ab
1276 2110 1311 2146 G
1332 2114 1337 2154 Ι
1369 2116 1412 2147 16

65 2149 159 2184 mihi
184 2149 271 2184 GH
276 2151 313 2185 P
334 2151 369 2186 ei
392 2153 471 2188 edd.
495 2156 500 2194 Ι
536 2156 579 2188 17
605 2153 741 2189 Lucius
759 2154 794 2190 G
815 2156 821 2197 Ι
849 2158 997 2201 captam
1021 2158 1055 2194 G
1081 2161 1087 2200 Ι
1115 2161 1159 2193 18
1184 2158 1413 2203 prouintiam

66 2195 126 2242 ΡΙ
149 2200 193 2231 19
219 2198 398 2234 exstantis
420 2200 481 2243 Pl
503 2203 549 2235 20
574 2202 616 2235 ut
639 2199 755 2236 filiam
782 2202 878 2249 eius]
902 2203 992 2239 infla
1016 2209 1053 2240 ei
1072 2205 1105 2240 G
1128 2208 1133 2248 Ι
1155 2205 1353 2240 dotauerat
1376 2205 1418 2240 H

159 2246 205 2278 22
231 2245 377 2280 titulum
400 2246 443 2281 in
467 2258 580 2292 mar-9.
599 2247 704 2283 habet
722 2248 768 2282 Η
783 2250 790 2293 Ι
817 2252 862 2284 25
887 2251 1042 2286 retentis
1061 2253 1224 2287 Ioannes
1243 2252 1411 2288 saresbe-

66 2290 198 2325 riensis
222 2290 352 2327 Polior.
378 2294 415 2337 5,
432 2296 457 2329 7
486 2294 692 2339 repetentis
720 2294 807 2330 GH
825 2298 1037 2342 repetendis
1057 2299 1095 2334 P
1117 2304 1122 2342 1
1156 2298 1410 2336 obsidionibus

64 2335 127 2370 H¹
148 2339 155 2381 Ι
176 2340 222 2372 26
246 2338 467 2384 imperatam
491 2341 515 2376 h
