1612 2488
101 737 142 769 10

99 1033 141 1065 15

96 1328 140 1361 20

95 1624 139 1656 25

172 83 231 126 50
428 56 549 121 ’11111
572 83 811 121 FRONTINI
837 84 1267 123 STRATEGEMATON

171 193 238 235 los
266 194 310 235 et
334 191 517 248 Ligures
542 195 586 235 et
611 192 808 236 Baliares
833 192 1096 250 Maurosque
1120 195 1283 251 posuit,
1314 199 1363 239 ut
1386 211 1529 253 neque

170 251 320 308 fugere
363 254 545 308 possent
582 251 741 295 Poenis
780 267 805 294 a
841 255 965 309 tergo
1011 254 1228 297 stantibus
1271 257 1315 298 et
1354 255 1527 299 hostem

172 310 383 368 oppositi,
416 311 452 353 si
483 325 570 354 non
601 311 877 366 infestarent,
918 315 964 354 at
995 316 1110 356 certe
1141 313 1394 370 fatigarent:
1431 318 1527 358 tum

171 371 260 413 suis
294 373 337 413 et
361 369 689 426 Macedonibus,
722 371 795 426 qui
826 371 914 413 iam
944 371 1084 415 fessos
1115 371 1337 416 Romanos
1367 374 1527 431 integri

171 429 437 485 exciperent,
468 429 514 472 in
540 430 728 472 secunda
753 430 843 473 acie
870 431 1124 486 conlocatiS,
1153 432 1414 476 nouissimos
1440 433 1528 476 Ita-

169 489 277 532 licos
310 488 554 543 constituit,
586 504 768 544 quorum
794 492 838 531 et
862 490 1047 532 timebat
1070 490 1198 533 fidem
1224 494 1268 534 et
1292 492 1526 549 segnitiam

169 548 418 604 uerebatur,
450 548 655 604 quoniam
685 549 913 604 plerosque
946 563 1094 592 eorum
1120 550 1174 592 ab
1201 550 1330 593 Italia
1360 551 1527 595 inuitos

170 609 425 651 extraxerat.

260 666 404 723 Scipio
443 666 649 708 aduersus
686 666 799 709 hanc
835 666 1022 709 formam
1058 667 1193 710 robur
1228 668 1412 724 legionis
1449 669 1526 712 tri-

167 725 273 782 plici
310 726 402 769 acie
439 726 484 768 in
521 725 666 767 fronte
705 726 953 769 ordinatum
988 740 1066 782 per
1102 727 1300 770 hastatos
1331 731 1376 771 et
1405 728 1524 784 prin·

169 785 286 841 cipes
325 787 369 827 et
405 784 582 828 triarios
620 785 843 841 opposuit:
886 799 965 828 nec
1009 786 1236 829 continuas
1280 787 1527 830 construxit

169 844 389 900 cohortes,
430 843 504 886 sed
540 844 777 899 manipulis
815 844 928 886 inter
959 859 1004 886 se
1036 844 1301 888 distantibus
1333 847 1524 902 spatium

169 903 305 960 dedit,
329 918 406 959 per
431 903 546 959 quod
572 903 790 959 elephanti
816 903 870 946 ab
895 903 1096 946 hostibus
1122 905 1209 947 acti
1234 904 1360 948 facile
1384 908 1524 948 trans-

168 962 286 1005 mitti
330 963 422 1005 sine
465 963 793 1018 perturbatione
837 962 1037 1005 ordinum
1082 967 1271 1018 possent.
1334 979 1385 1007 ea
1426 965 1526 1020 ipsa

167 1022 402 1064 interualla
439 1021 649 1077 expeditis
681 1022 886 1064 uelitibus
917 1021 1117 1078 inpleuit,
1153 1037 1208 1065 ne
1245 1023 1527 1067 interluceret

169 1081 301 1133 acies,
339 1081 440 1123 dato
477 1080 546 1123 his
577 1083 827 1136 praecepto,
866 1083 915 1123 ut
946 1081 1000 1123 ad
1031 1081 1242 1136 impetum
1274 1082 1522 1138 elephanto·

167 1155 263 1183 rum
300 1140 371 1183 uel
407 1142 523 1182 retro
561 1140 631 1182 uel
662 1140 707 1182 in
746 1140 885 1182 latera
922 1140 1217 1183 concederent.
1280 1142 1522 1197 equitatum

167 1198 319 1242 deinde
356 1201 401 1241 in
433 1213 591 1242 cornua
623 1198 773 1240 diuisit
803 1201 847 1241 et
878 1198 1028 1241 dextro
1061 1198 1270 1242 Romanis
1302 1200 1523 1255 equitibus

166 1258 374 1313 Laelium,
399 1259 573 1300 sinistro
593 1257 795 1300 Numidis
815 1257 1094 1300 Masinissam
1113 1259 1384 1314 praeposuit:
1411 1274 1523 1315 quae

166 1320 256 1360 tam
286 1317 476 1374 prudens
509 1317 725 1360 ordinatio
757 1332 844 1360 non
875 1317 1003 1360 dubie
1035 1332 1165 1360 causa
1188 1317 1397 1361 uictoriae
1426 1318 1523 1361 fuit.

258 1378 325 1420 17.
357 1377 596 1419 Archelaus
622 1376 827 1419 aduersus
847 1375 894 1419 L.
915 1375 1079 1419 Sullam
1104 1376 1150 1419 in
1174 1376 1317 1419 fronte
1344 1377 1398 1419 ad
1423 1392 1521 1432 per-

165 1435 428 1479 turbandum
466 1435 637 1478 hostem
669 1436 852 1478 falcatas
889 1435 1122 1491 quadrigas
1161 1436 1342 1491 locauit,
1378 1437 1422 1478 in
1455 1451 1524 1479 se·

166 1495 304 1538 cunda
335 1495 427 1538 acie
457 1495 720 1550 phalangem
751 1494 1090 1546 Macedonicam,
1126 1495 1173 1537 in
1202 1495 1332 1537 tertia
1363 1494 1521 1537 Roma-

165 1568 318 1597 norum
338 1568 457 1596 more
477 1556 667 1596 armatos
687 1553 929 1606 auxiliares,
953 1553 1102 1595 mixtis
1121 1552 1322 1609 fugitiuis
1341 1553 1520 1596 Italicae

166 1614 328 1669 gentis,
366 1627 548 1669 quorum
585 1612 852 1667 peruicaciae
889 1612 1121 1668 plurimum
1158 1612 1338 1667 fidebat3
1378 1613 1519 1655 leuem

166 1676 432 1715 armaturam
457 1672 502 1714 in
527 1672 681 1714 ultimo
709 1671 882 1727 statuit3
912 1675 958 1713 in
985 1674 1167 1727 utroque
1199 1671 1350 1714 deinde
1382 1672 1522 1715 latere

166 1732 427 1787 equitatum,
466 1731 587 1774 cuius
619 1731 812 1786 amplum
842 1745 1070 1773 numerum
1100 1730 1308 1786 habebat,
1339 1731 1520 1774 circum-

167 1791 294 1833 eundi
325 1791 465 1833 hostis
496 1804 625 1832 causa
655 1790 814 1845 posuit.

254 1849 418 1892 Contra
441 1849 549 1892 haec
568 1848 689 1892 Sulla
714 1848 855 1891 fossas
875 1849 1045 1903 amplae
1071 1848 1316 1891 latitudinis
1334 1851 1520 1903 utroque

261 1957 279 1987 1
307 1953 442 1999 neque]
470 1965 542 1989 non
568 1953 628 1997 ΡΙ
660 1956 680 1988 3
706 1954 748 1989 at
771 1953 850 1990 edd.
877 1953 942 1987 aut
961 1952 1007 1988 H
1028 1952 1089 1987 uel
1108 1952 1168 1997 ΡΙ
1191 1955 1211 1987 5
1238 1951 1401 1988 secunda
1422 1951 1518 1988 Oua.

164 2001 242 2036 coll.
263 1999 351 2035 Liu.
368 2002 428 2044 30,
442 2003 490 2036 33
522 1999 718 2047 summaslss
738 2001 836 2043 (tum
854 2002 1012 2044 erasum)
1030 1999 1077 2035 H
1098 2009 1242 2034 summa
1269 1999 1307 2034 P
1326 2001 1332 2042 Ι
1362 2003 1383 2034 6
1409 1997 1519 2034 time·

163 2047 255 2083 bant
274 2046 334 2082 Η1
362 2048 367 2091 Ι
401 2046 601 2092 segnitiem
625 2049 649 2083 h
664 2049 696 2083 Ρ
721 2049 727 2092 ι
763 2050 805 2082 11
833 2046 1029 2082 continuos
1054 2046 1100 2082 H
1123 2050 1129 2090 Ι
1164 2049 1209 2081 14
1233 2047 1387 2091 possent
1413 2048 1450 2090 (6
1474 2047 1519 2082 in

163 2097 254 2138 ras.)
280 2093 327 2130 H
345 2095 350 2138 Ι
380 2098 423 2130 18
450 2094 580 2130 dextro
608 2115 652 2121 —-
679 2094 847 2140 sinistro]
875 2097 1003 2130 contra
1027 2093 1114 2129 Isiu.
1135 2095 1196 2136 30,
1216 2094 1274 2128 33.
1304 2091 1432 2139 Polyb.
1455 2095 1518 2138 15,

165 2146 199 2185 9,
213 2145 238 2177 8
245 2155 258 2185 ‚·
283 2142 390 2177 aliter
408 2141 576 2187 Appiam.
594 2142 692 2177 Pun.
707 2145 752 2177 41
775 2143 781 2187 Ι
812 2146 858 2177 20
883 2141 994 2177 dubie
1013 2141 1039 2176 d
1075 2140 1186 2187 dubie
1201 2139 1286 2175 ΗΡ
1303 2141 1309 2184 Ι
1331 2142 1375 2175 21
1395 2139 1517 2176 Α6116·

163 2190 245 2224 laus
271 2188 317 2224 H
340 2191 346 2233 Ι
379 2188 514 2234 syllam
539 2188 626 2224 ΗΡ
656 2191 661 2234 Ι
696 2188 857 2224 frontem
882 2188 929 2224 H
949 2190 1033 2223 ante
1057 2197 1129 2224 ras.
1163 2190 1169 2232 Ι
1203 2190 1247 2222 22
1273 2186 1393 2223 factas
1419 2187 1466 2224 H
1469 2187 1519 2232 P,

164 2247 253 2272 corr.
274 2236 300 2272 d
321 2237 326 2281 Ι
360 2235 562 2271 secundam
588 2235 709 2271 aciem
735 2236 794 2271 H¹
817 2236 822 2282 1
853 2239 898 2271 23
923 2233 1153 2281 phalangam
1179 2234 1276 2278 ΗΡ,
1301 2246 1364 2270 em.
1384 2235 1410 2270 d
1431 2238 1436 2277 Ι
1470 2237 1518 2270 25

163 2283 328 2319 faciebat
348 2283 394 2319 H
416 2286 500 2320 ante
518 2294 608 2319 corr.
633 2282 638 2330 Ι
674 2286 717 2318 26
744 2283 830 2318 dein
844 2283 903 2328 ΡΙ
938 2286 982 2317 29
1008 2282 1105 2327 sylla
1123 2281 1170 2318 H
1186 2283 1193 2327 ι
1214 2282 1373 2327 utraque
1392 2281 1453 2317 Ηι
1476 2280 1517 2317 in

163 2333 320 2375 utroque
347 2331 398 2366 P:
426 2331 472 2375 cf.
497 2342 533 2376 p.
555 2333 615 2375 51,
634 2333 695 2367 27.
724 2333 782 2374 52,
802 2332 852 2365 12
