1612 2488
153 450 174 482 5

131 746 177 779 10

132 1137 174 1168 15

130 1432 176 1464 20

131 1728 175 1759 25

203 94 287 136 124
466 95 569 132 IULI
593 95 830 133 FRONTINI
859 96 1288 136 STRATEGEMATON

199 206 330 256 retur,
361 204 463 246 dum
494 219 548 246 ne
580 206 676 260 quis
702 220 850 248 eorum
883 221 1056 249 munere
1087 210 1263 251 uacaret
1291 220 1400 251 neue
1425 209 1557 253 dona-

199 265 318 305 retur
349 278 456 305 neue
477 264 591 319 quod
610 266 847 320 praemium
875 265 1009 307 ferret
1034 268 1110 308 aut
1133 267 1179 308 in
1204 266 1380 310 Italiam
1410 280 1556 324 repor-

199 324 384 378 taretur,
417 323 518 365 dum
551 323 684 366 Poeni
715 324 758 365 in
791 338 841 366 ea
871 324 1067 367 fuissent.

289 382 358 424 45.
398 381 455 424 M.
475 382 697 425 Salinator
723 384 962 426 consularis
988 384 1218 427 damnatus
1243 387 1310 427 est
1334 398 1360 427 a
1383 387 1557 442 populo,

202 440 315 495 quod
346 441 551 496 praedam
582 456 671 484 non
702 443 938 498 aequaliter
968 443 1174 486 diuiserat
1205 444 1432 488 militibus.

289 500 359 542 46.
405 498 514 543 Cum
547 501 600 543 ab
633 500 866 557 Liguribus
898 502 943 544 in
974 503 1138 558 proelio
1171 502 1219 553 Q.
1245 503 1426 546 Petilius
1458 516 1555 547 con·

202 559 268 600 sul
299 559 554 602 interfectus
587 563 712 615 esset,
743 561 933 604 decreuit
963 565 1150 618 senatus,
1180 561 1244 605 uti
1276 576 1328 605 ea
1351 560 1481 619 legio,
1510 564 1556 607 in

201 618 322 660 cuius
361 619 451 662 acie
483 620 635 662 consul
666 622 760 662 erat
791 621 976 676 occisus,
1012 623 1107 664 tota
1142 621 1391 677 infrequens
1423 622 1555 666 refer—

200 681 337 732 retur,
377 678 638 734 stipendium
677 679 716 721 ei
748 693 937 722 annuum
975 694 1062 723 non
1094 680 1286 735 daretur,
1324 694 1423 724 aera
1454 682 1558 726 reci-

205 736 421 779 derentur.

511 854 557 891 II.
602 853 666 890 DE
693 854 911 891 EFFECTU
937 854 1255 893 DISCIPLINAE.

293 951 330 992 1.
376 949 503 993 Bruti
546 953 590 993 et
627 947 751 993 Cassi
795 951 1022 1005 exercitus,
1065 954 1298 1009 memoriae
1338 952 1557 1009 proditum

201 1011 280 1062 est,
311 1008 424 1052 bello
457 1009 576 1052 ciuili
602 1025 699 1052 cum
724 1025 810 1052 una
834 1025 911 1066 per
930 1010 1230 1054 Macedoniam
1254 1013 1336 1055 iter
1366 1013 1559 1056 facerent

200 1068 404 1123 priorque
423 1068 584 1111 Brutus
605 1070 660 1111 ad
679 1070 871 1126 fluuium,
901 1069 948 1112 in
967 1085 1050 1125 quo
1080 1074 1260 1126 pontem
1282 1071 1406 1128 iungi
1432 1087 1556 1128 opor-

201 1127 346 1181 tebat,
390 1129 680 1183 peruenisset,
724 1127 846 1171 Cassi
888 1131 1034 1171 tamen
1072 1128 1306 1172 exercitum
1347 1133 1392 1173 et
1419 1130 1467 1173 in
1497 1131 1556 1174 ef-

200 1186 385 1229 ficiendo
417 1190 548 1242 ponte
581 1190 623 1229 et
659 1187 704 1229 in
744 1188 1002 1230 maturando
1033 1188 1220 1231 transitu
1251 1189 1557 1244 praecessisse:

202 1245 275 1300 qui
315 1246 441 1301 uigor
479 1246 734 1302 disciplinae
779 1245 945 1302 effecit,
988 1261 1041 1289 ne
1079 1245 1220 1290 solum
1257 1249 1303 1290 in
1341 1248 1558 1305 operibus,

200 1319 352 1347 uerum
390 1308 432 1347 et
472 1306 517 1347 in
559 1320 729 1348 summa
768 1306 873 1348 belli
913 1309 1188 1360 praestarent
1224 1304 1421 1351 Cassiani
1450 1307 1556 1351 Bru-

201 1363 359 1406 tianos.

291 1423 331 1466 2.
376 1421 421 1465 C.
459 1422 646 1478 Marius,
689 1439 785 1467 cum
826 1424 1078 1466 facultatem
1113 1424 1304 1481 eligendi
1344 1426 1556 1468 exercitus

201 1482 383 1524 haberet
409 1497 460 1524 ex
486 1481 665 1538 duobus,
697 1484 770 1537 qui
803 1484 882 1525 sub
903 1480 1071 1526 Rutilio
1104 1486 1147 1525 et
1172 1484 1246 1538 qui
1277 1485 1355 1526 sub
1377 1484 1555 1527 Metello

202 1555 251 1582 ac
288 1544 441 1595 postea
479 1542 558 1583 sub
592 1556 635 1584 se
666 1542 761 1596 ipso
794 1546 1062 1596 meruerant,
1098 1539 1370 1585 Rutilianum
1410 1558 1555 1598 quam-

203 1614 332 1655 quam
358 1600 581 1655 minorem,
613 1601 714 1655 quia
739 1600 934 1644 certioris
967 1600 1218 1657 disciplinae
1250 1601 1555 1657 arbitrabatur,

201 1660 488 1714 praeoptauit.

292 1718 332 1761 3.
376 1718 595 1761 Domitius
623 1715 812 1761 Corbulo
846 1718 1015 1761 duabus
1037 1719 1283 1774 legionibus
1314 1722 1358 1762 et
1387 1719 1556 1775 paucis-

204 1777 324 1819 simis
357 1777 528 1820 auxiliis
561 1777 788 1833 disciplina
820 1781 1011 1820 correcta
1042 1777 1227 1821 Parthos
1260 1778 1476 1821 sustinuit.

292 1839 331 1878 4.
375 1836 621 1879 Alexander
658 1836 835 1879 Macedo
872 1835 948 1878 XL
987 1837 1159 1879 milibus
1200 1837 1422 1880 hominum
1466 1837 1554 1880 iam

301 2004 319 2034 1
346 2002 498 2035 uocaret
523 2000 569 2035 H
592 2001 597 2046 1
631 2004 652 2036 2
677 2011 798 2046 neque
824 2000 925 2045 quod
950 2000 994 2036 H
1003 2000 1013 2020 ¹
1041 2004 1045 2044 Ι
1080 2003 1100 2036 3
1120 1999 1236 2035 Poeni
1260 1998 1316 2046 in]
1341 2004 1453 2045 poeni
1477 2000 1524 2035 H
1546 1999 1553 2047 f

203 2058 247 2083 ea
272 2047 429 2082 fuissent
447 2047 484 2082 P
506 2047 710 2083 exfuissent
730 2048 811 2084 GH
837 2058 881 2083 ea
906 2048 1030 2084 essent
1049 2047 1159 2083 Dal..-
1183 2047 1245 2082 sed
1269 2047 1316 2090 cf.
1331 2058 1371 2092 p.
1391 2049 1476 2090 125,
1489 2050 1553 2084 26.

205 2097 291 2137 129,
311 2097 361 2130 30
381 2093 387 2141 Ι
421 2094 509 2129 dum
534 2095 650 2130 Poeni
675 2096 761 2131 inde
788 2094 952 2131 exissent
974 2094 1108 2130 ertel
1129 2097 1134 2138 Ι
1169 2098 1190 2130 6
1217 2094 1370 2139 quintus
1396 2094 1525 2130 GHP
1547 2095 1555 2141 Ι

230 2142 367 2177 etulius
395 2141 430 2177 G
581 2146 584 2149 “

202 2154 227 2187 p
302 2193 344 2224 13
372 2188 442 2236 est]
470 2189 509 2223 et
533 2188 601 2233 H}
634 2194 675 2224 17
702 2189 764 2235 ne]
792 2190 835 2224 ut
858 2199 933 2224 non
957 2189 983 2225 d
1004 2192 1009 2227 1
1042 2192 1085 2224 18
1109 2187 1208 2223 bello
1234 2188 1299 2223 Ηι
1321 2190 1326 2233 1
1361 2192 1405 2224 22
1430 2188 1555 2234 ipsum

204 2237 379 2271 eruerant
400 2235 437 2270 P
456 2236 462 2283 Ι
489 2247 715 2281 quamquam
736 2238 760 2272 d
785 2237 970 2281 quendam
993 2235 1101 2271 G'hP
1121 2235 1305 2280 quaedam
1326 2235 1370 2270 H
1377 2235 1389 2255 ¹
1410 2236 1419 2280 Ι
1437 2235 1553 2270 mino·

204 2293 279 2318 rem
302 2283 453 2328 quidem
479 2283 544 2318 sed
565 2284 654 2328 quia
673 2283 837 2329 Scaliger
858 2286 863 2328 1
886 2287 930 2318 23
957 2281 1190 2318 correctioris
1210 2282 1302 2318 Ded.
1326 2284 1332 2328 Ι
1354 2286 1399 2318 25
1425 2281 1553 2328 paucis

206 2342 319 2377 sumis
338 2341 424 2387 (mis
441 2353 486 2378 ex
501 2343 599 2386 mus)
616 2340 649 2377 G
671 2342 677 2387 l
699 2346 742 2377 27
759 2342 844 2378 .XL.
866 2342 1056 2378 hominum
1071 2333 1304 2378 GERU.
1323 2341 1515 2378 hominum
1529 2341 1555 2377 h
