1534 2528
81 116 132 151 IV
619 115 903 152 PRAEFATIO.

96 239 146 267 ex
179 224 336 279 codice,
369 239 495 279 quem
527 225 731 267 librarius
764 240 841 267 suo
875 225 1055 268 arbitrio
1085 226 1191 268 locis
1222 226 1448 282 permultis

95 286 340 326 correxerat
370 284 439 325 uel
470 284 616 338 potius
649 287 915 339 corruperat:
953 299 1054 326 nam
1093 287 1243 327 contra
1274 299 1450 331 consue-

92 342 287 385 tudinem
313 342 510 385 Frontini
538 341 609 398 (cf.
629 343 743 385 infra
768 344 794 396 ξ
819 342 891 400 12)
919 344 1179 398 particulam
1204 346 1260 386 ut
1285 343 1451 387 addidit

92 417 132 457 p.
162 402 199 456 7,
227 402 295 444 18.
330 402 396 453 15,
421 402 461 444 4.
494 402 564 457 35,
591 402 659 444 22.
691 403 762 456 41,
789 403 832 457 73
875 403 1050 458 grauius
1086 417 1190 445 uero
1222 405 1305 458 est,
1337 403 1450 458 quod

91 462 233 516 ipsam
273 461 513 503 orationem
553 475 628 503 seu
666 462 911 503 temeritate
950 476 1026 503 seu
1064 462 1209 505 studio
1251 462 1448 504 inductus

92 519 338 575 corrigendi
365 534 672 574 saepenumero
699 521 898 562 mutauit.
931 520 1069 570 Quam
1088 534 1179 563 rem
1205 523 1256 563 ut
1278 521 1449 563 facilius

88 592 349 634 cognoscere
365 579 521 635 possis,
535 593 696 634 paucos
716 579 835 626 locos
850 579 1055 634 adferam,
1069 580 1222 635 quibus
1237 580 1448 623 sinceram

90 638 324 680 lectionem
363 640 440 679 aut
477 652 607 680 uerae
651 638 850 681 lectionis
887 639 1076 694 uestigia
1111 638 1255 694 priore
1292 652 1449 695 genere

88 697 268 739 retineri
300 697 546 752 intelleges:
1203 699 1207 702 ’

397 756 452 798 Η
477 755 559 810 (G)
1109 757 1152 799 P

86 831 126 870 p.
197 815 302 870 6,2Ο
333 829 356 856 e
387 829 433 857 re
466 815 641 870 publica
674 818 791 857 esset
882 817 1058 870 cuperet

169 874 235 927 12,
273 874 300 916 2
333 874 531 929 captiuos
562 874 691 916 lateri
878 875 1063 929 captiuis
1094 875 1231 917 latera

164 933 301 987 40‚13
334 947 641 988 egressumque
878 947 1195 990 aggressusque

166 992 235 1045 55,
274 993 300 1034 3
335 992 410 1047 qui
432 1016 482 1023 --
505 992 714 1034 tenebant
873 1006 982 1048 quae
1006 1017 1056 1022 ———
1078 993 1340 1036 tenebantur

166 1051 301 1105 56,25
335 1051 466 1092 odore
877 1051 1056 1094 horrore

166 1110 300 1164 66,26
334 1109 606 1165 securatique
879 1111 1019 1152 securi
1050 1110 1275 1166 curatique

166 1169 301 1223 67,lO
333 1167 440 1211 CCL
472 1169 638 1224 equites
876 1168 990 1212 COD
1021 1170 1190 1225 equites

167 1228 299 1283 67,17
333 1227 654 1270 infestauerunt
875 1227 1136 1271 infestarent

169 1287 239 1341 69,
281 1287 306 1329 8
341 1286 661 1341 ducemqtsacen
882 1287 1119 1329 ducesacen

171 1346 306 1401 83,12
339 1346 551 1401 ignobiles
573 1370 629 1376 —
648 1345 859 1401 plebeios·
878 1345 1148 1401 ignobilibus
1171 1370 1220 1377 —
1245 1346 1396 1401 pbeios

388 1419 470 1459 que

170 1464 304 1519 85,18
338 1463 383 1504 in
414 1466 594 1518 utraque
618 1488 667 1493 —
692 1464 831 1506 latera
879 1464 926 1506 in
956 1467 1140 1519 utroque
1167 1488 1216 1494 -
1254 1464 1389 1507 latere

141 1522 304 1574 106,24
335 1521 565 1564 inuenerat
880 1522 1050 1565 uiderat

142 1582 304 1635 110,12
338 1596 496 1636 paucas
530 1596 579 1623 eo
884 1584 959 1624 aut
990 1596 1116 1624 caseo

142 1641 303 1695 111,27
339 1640 468 1682 datur
497 1640 720 1695 pollicitus
882 1641 996 1683 datis
1028 1641 1236 1696 pollicitis

143 1700 304 1754 131,18
340 1699 446 1741 deea
464 1714 510 1741 re
529 1699 712 1755 pecunia
741 1715 848 1755 quae
880 1700 980 1742 dare
1012 1699 1279 1755 peccuniam.
1311 1714 1396 1756 qua

146 1759 242 1812 140,
282 1759 304 1799 7
342 1758 651 1814 recipientibus
878 1759 1069 1814 incipere

146 1817 305 1871 143,13
338 1831 440 1859 nere
881 1818 1021 1860 redire

180 1875 423 1931 Utrumque
449 1890 583 1931 genus
611 1877 666 1918 ab
693 1877 842 1919 eodem
866 1879 1018 1919 natum
1044 1880 1110 1918 est
1135 1876 1381 1932 archetypo,
1406 1876 1451 1918 in

93 1949 178 1990 quo
209 1935 364 1976 folium
396 1949 528 1976 unum
561 1936 630 1977 uel
662 1936 818 1990 duplex
842 1939 1010 1990 partem
1035 1935 1138 1977 libri
1163 1935 1339 1977 secundi
1363 1949 1451 1977 am·

94 1994 271 2049 plexum
309 1992 369 2048 (2,
394 1993 434 2047 9,
462 1994 485 2034 7
526 1995 898 2037 continuerunt
935 2009 986 2036 se
1017 1995 1157 2036 intra.
1188 1996 1363 2036 castra
1396 2017 1446 2024 —

95 2053 270 2107 2,12,2
302 2052 549 2094 turmales
582 2054 860 2096 secundum
892 2050 1342 2110 consuetudinem)
1373 2067 1451 2094 suo

95 2111 192 2153 loco
211 2113 377 2152 motum
396 2111 693 2167 insertumque
714 2115 808 2155 erat
826 2113 1030 2155 extremis
1050 2112 1166 2155 foliis
1187 2112 1301 2154 inter
1319 2111 1452 2154 uerba

94 2171 135 2224 4,
163 2171 200 2224 7,
226 2171 283 2211 42
316 2184 425 2211 cum
463 2170 515 2211 in
554 2172 756 2226 agmine
795 2171 990 2214 milites
1020 2170 1034 2226 ΙΙ
1064 2175 1107 2213 et
1135 2170 1150 2226 ll
1184 2171 1451 2213 continere

95 2229 276 2282 uellet,
314 2228 377 2270 ita
408 2231 457 2271 ut
487 2230 620 2272 uerba
653 2231 693 2285 2,
713 2231 752 2284 9,
777 2231 800 2272 7
834 2245 1045 2286 quarum
1076 2233 1212 2272 metu
1242 2229 1325 2272 illi
1357 2243 1450 2272 con

99 2288 394 2343 exciperentur
437 2288 581 2330 uerbis
626 2290 671 2343 2,
699 2290 772 2341 12,
799 2290 826 2332 2
870 2289 1211 2331 aduentarent
1254 2288 1452 2343 recepit

101 2347 258 2389 aciem
380 2347 509 2389 uicti
542 2351 673 2389 sunt.
715 2348 853 2398 Quem
878 2348 1047 2390 hiatum
1074 2363 1171 2390 cum
1200 2347 1288 2390 iam
1312 2347 1350 2389 is
1377 2347 1451 2402 qui
