1612 2488
501 78 649 115 LIBER.
672 78 738 116 m.
776 77 880 115 GAP.
905 81 1011 115 5—6.
1374 75 1432 118 97

86 192 176 233 tem
193 203 317 232 suam
335 188 480 243 uellet,
505 188 596 230 eius
620 187 918 243 desperatione
943 189 1109 229 ceteras
1135 186 1262 227 urbes
1287 186 1435 240 petere

87 249 231 304 coepit
260 250 599 302 consecutusque
624 250 702 301 est,
732 249 781 288 ut
810 246 958 288 hostes
988 244 1147 287 fiducia
1176 244 1299 286 uelut
1329 243 1436 286 satis

87 307 278 350 munitae
309 306 429 349 urbis
466 306 558 348 eius
596 305 652 348 ad
688 305 870 347 tutelam
908 304 1093 347 aliarum
1124 303 1436 346 dilaberentur:

87 381 172 422 quo
203 365 320 408 facto
350 365 564 408 reuocatis
593 364 687 420 ipse
718 378 868 406 rursus
899 363 1101 406 omnibus
1133 363 1222 404 suis
1254 376 1436 404 uacuam

88 439 182 467 eam
214 423 508 466 defensoribus
538 424 662 478 cepit.
1462 421 1484 454 ὅ

177 485 219 526 4.
262 482 487 526 Cornelius
522 482 702 524 Rufinus
740 481 908 532 consul,
945 496 1042 523 cum
1079 481 1299 536 aliquanto
1329 482 1437 522 tem·

89 556 194 597 pore
225 540 426 584 Crotona
445 541 651 597 oppidum
686 540 850 582 frustra
886 540 1145 594 obsedisset,
1176 539 1291 594 quod
1322 539 1438 581 inex-

89 601 323 657 pugnabile
346 600 535 642 faciebat
558 601 790 654 adsumpta
813 600 860 641 in
883 599 1146 654 praesidium
1165 598 1439 641 Lucanorum

91 674 256 714 manus,
282 659 505 702 simulauit
523 674 569 701 se
588 661 740 713 coepto
760 658 979 700 desistere.
1040 658 1262 713 captiuum
1288 656 1439 699 deinde

90 732 251 775 magno
282 718 473 774 praemio
506 718 787 760 sollicitatum
817 717 938 759 misit
970 715 1178 769 Crotona,
1210 716 1296 772 qui,
1327 719 1436 757 tam·
1466 716 1510 747 10

93 792 223 832 quam
255 791 308 819 ex
338 777 531 819 custodia
562 776 797 831 effugisset,
826 776 1042 831 persuasit
1072 775 1321 817 discessisse
1351 774 1439 818 Ro-

91 850 265 885 manos:
301 835 346 878 id
375 850 526 878 uerum
562 834 866 878 Crotonienses
898 834 1098 876 arbitrati
1134 834 1335 876 dimisere
1365 848 1441 876 au-

92 894 196 936 xilia
222 894 503 950 destitutique
529 894 928 949 propugnatoribus
955 893 1169 948 inopinati
1192 896 1236 935 et
1259 892 1441 935 inualidi

93 967 143 995 ca
173 953 209 995 ti
240 956 352 996 sunt.

142 968 222 1055 P5.
265 1011 394 1068 Mago
426 1010 510 1054 dux
541 1010 984 1067 Carthaginiensium,
1023 1011 1140 1053 uicto
1172 1009 1248 1054 Cn.
1279 1010 1438 1053 Pisone
1466 1010 1511 1042 15

95 1073 140 1112 et
175 1071 221 1113 in
259 1070 445 1126 quadam
481 1073 600 1112 turre
637 1070 938 1124 circumsesso,
979 1069 1223 1124 suspicatus
1260 1072 1442 1111 uentura

95 1129 135 1171 ei
160 1129 352 1172 subsidia
382 1129 607 1185 perfugam
632 1129 763 1183 misit,
795 1129 868 1184 qui
898 1128 1178 1184 persuaderet
1210 1128 1443 1184 adpropin-

96 1188 329 1242 quantibus
354 1191 527 1243 captum
552 1189 639 1230 iam
659 1188 878 1230 Pisonem:
910 1202 995 1243 qua
1024 1188 1194 1230 ratione
1224 1187 1442 1229 deterritis

94 1247 158 1289 eis
188 1246 354 1302 reliqua
384 1248 593 1289 uictoriae
624 1247 950 1289 consummauit.

185 1305 225 1347 6.
269 1305 516 1347 Alcibiades
553 1306 599 1346 in
631 1304 796 1359 Sicilia,
833 1320 929 1347 cum
962 1304 1255 1360 Syracusanos
1288 1319 1442 1359 capere
1468 1304 1514 1336 20

97 1362 239 1415 uellet,
266 1378 319 1405 ex
337 1362 671 1418 Catiniensibus,
702 1364 815 1419 apud
841 1378 948 1420 quos
967 1367 1061 1406 tum
1088 1364 1322 1406 exercitum
1348 1378 1445 1405 con-

98 1422 283 1477 tinebat,
334 1422 545 1477 quendam
590 1423 838 1477 exploratae
888 1422 1106 1465 sollertiae
1147 1422 1349 1464 submisit
1391 1421 1445 1464 ad

100 1479 406 1536 Syracusanos.
466 1482 504 1523 is
543 1482 590 1523 in
633 1481 854 1536 publicum
902 1481 1133 1524 concilium
1175 1481 1444 1523 introductus

98 1540 314 1594 persuasit
343 1540 646 1583 infestissimos
679 1555 771 1582 esse
803 1539 1072 1583 Catinienses
1103 1540 1444 1582 Atheniensibus

102 1600 164 1651 et,
195 1598 232 1640 si
263 1598 568 1640 adiuuarentur
598 1614 625 1641 a
656 1598 953 1654 Syracusanis,
983 1599 1190 1653 futurum,
1219 1603 1270 1640 ut
1300 1599 1444 1654 oppri—
1469 1597 1516 1629 25

56 1671 62 1674 ·
101 1660 268 1698 merent
298 1671 372 1699 eos
403 1659 447 1698 et
476 1657 762 1699 Alcibiadem:
795 1672 880 1712 qua
910 1671 956 1699 re
987 1657 1160 1699 adducti
1186 1656 1447 1712 Syracusani

100 1714 312 1756 uniuersis
337 1715 501 1756 uiribus
522 1714 722 1757 Catinam
746 1716 924 1770 petituri
948 1718 1263 1771 processerunt,
1294 1716 1446 1758 relicta

101 1772 294 1827 ipsorum
324 1773 442 1829 urbe,
474 1788 602 1828 quam
635 1789 660 1815 a
691 1776 814 1829 tergo
846 1774 1022 1816 adortus
1047 1774 1295 1817 Alcibiades
1326 1774 1447 1817 deso-

101 1831 255 1885 latam,
285 1834 334 1873 ut
364 1835 631 1887 sperauerat,
663 1832 839 1875 adflixit.

197 1985 219 2016 3
237 1982 397 2017 tetulam
417 1982 475 2018 H¹
496 1985 501 2026 Ι
529 1988 550 2019 6
570 1983 699 2018 consul
718 1994 784 2018 om.
802 1982 860 2018 ΗἸ
881 1984 887 2027 Ι
909 1987 929 2018 7
950 1981 1130 2019 chrotona
1142 1984 1188 2028 P,
1211 1985 1297 2020 item
1313 1985 1420 2028 infra

103 2027 242 2063 frustra
266 2029 472 2064 obsedisset
496 2041 562 2065 om.
583 2030 640 2065 H¹
663 2031 668 2074 Ι
701 2033 744 2064 10
769 2032 848 2064 tam
873 2040 918 2064 ex
942 2030 989 2065 H
1011 2032 1017 2075 Ι
1052 2034 1095 2065 11
1121 2031 1330 2067 custodiam
1355 2032 1415 2067 Ηι

106 2078 150 2109 12
174 2074 214 2109 id
238 2086 282 2110 ex
305 2076 354 2111 ad
371 2076 418 2111 H
435 2081 440 2118 Ι
476 2081 519 2112 15
546 2076 911 2122 charthaginensium
930 2077 976 2112 H
999 2083 1003 2117 Ι
1039 2082 1084 2113 16
1107 2078 1203 2113 turri
1220 2079 1244 2113 h
1265 2081 1271 2123 Ι
1292 2079 1450 2113 circum-

104 2122 209 2166 septo
227 2122 252 2157 d
272 2124 278 2167 Ι
302 2127 344 2158 19
370 2134 408 2159 es
421 2123 481 2159 Ηι
501 2126 507 2167 Ι
529 2122 762 2159 uictoriaH¹
784 2124 790 2169 Ι
810 2124 993 2169 reliquam
1018 2125 1216 2160 uictoriam
1240 2127 1263 2160 h
1285 2127 1291 2170 Ι
1312 2129 1358 2160 20
1384 2124 1450 2170 Sy-

104 2177 253 2203 racusas
283 2169 395 2205 Ded„-
431 2171 492 2206 sed
523 2171 570 2214 cf.
589 2182 630 2216 p.
657 2173 716 2213 97,
735 2173 793 2206 14.
817 2174 879 2215 99,
897 2175 923 2207 8
961 2173 967 2216 Ι
1006 2176 1050 2207 21
1083 2171 1384 2208 catheniensibus
1409 2171 1456 2207 H

106 2215 378 2251 cateniensibus
391 2216 428 2252 P
447 2218 699 2253 catinensibus
718 2218 743 2252 d
764 2221 770 2259 Ι
792 2220 884 2263 aput
901 2218 959 2254 ΗἸ
981 2220 987 2263 Ι
1017 2223 1062 2254 23
1087 2219 1147 2254 his
1168 2219 1206 2253 P
1225 2221 1230 2262 Ι
1252 2218 1452 2254 concilim

109 2260 201 2297 Oud.
228 2262 423 2298 consilium
447 2265 494 2300 H
498 2265 534 2300 P
556 2269 560 2306 Ι
588 2263 811 2300 introductis
835 2265 895 2300 H¹
927 2268 934 2310 Ι
960 2269 1006 2300 24
1031 2266 1288 2301 cathenienses
1313 2266 1336 2301 h
1361 2266 1452 2301 cafi-

106 2318 237 2343 nenses
262 2310 287 2345 d
307 2309 314 2356 Ι
340 2313 385 2345 26
410 2311 614 2347 alcibiades
639 2311 685 2346 H
714 2311 720 2358 Ι
754 2314 800 2346 28
824 2313 1078 2349 acdesolatam
1103 2313 1149 2348 H

176 2373 361 2401 naon-rums
380 2375 426 2402 ed.
446 2375 671 2403 Gundermann.
1218 2375 1238 2406 ⁷
