1578 2508
576 111 722 148 LIBER
745 113 774 148 Ι.
813 111 983 147 PRAEF.
1431 110 1457 151 3

111 237 136 265 a
168 221 274 265 duce
311 221 509 278 prouide,
546 221 728 276 utiliter,
765 219 1011 276 magnifice,
1049 220 1297 262 constanter
1336 219 1458 273 fiunt,

111 281 360 334 (τρατηγικὰ
389 280 679 322 habebuntur:
709 280 746 322 si
770 280 815 322 in
840 279 982 335 specie
1009 293 1158 321 eorum
1184 280 1302 333 sunt,
1337 292 1458 330 (τρα-

110 342 339 393 τηγήματα.
387 340 541 382 horum
573 339 748 395 propria
781 338 850 380 uis
881 339 926 380 in
953 340 1044 380 arte
1071 338 1350 392 sollertiaque
1382 351 1459 391 po-

112 399 197 441 sita
239 398 412 454 proficit
453 402 544 440 tam
586 398 662 440 ubi
705 397 919 440 cauendus
971 411 1099 452 quam
1149 396 1457 452 opprimendus

110 457 251 500 hostis
283 458 351 500 sit.
402 471 487 513 qua
517 457 563 499 in
592 471 638 499 re
669 471 764 500 cum
795 457 1027 499 uerborum
1061 470 1229 511 quoque
1261 455 1458 497 inlustris

111 516 328 559 exstiterit
363 516 556 571 effectu8‚
594 519 643 558 ut
681 515 895 559 factorum
926 516 988 557 ita
1020 515 1232 557 dictorum
1264 514 1459 570 exempla

110 575 361 631 posuimus]

199 633 372 690 Species
403 647 571 689 eorum,
601 648 710 688 quae
741 634 960 676 instruam:
985 633 1136 675 ducem
1161 633 1207 675 in
1231 631 1318 687 his,
1350 646 1458 688 quae

111 695 210 736 ante
240 692 453 748 proelium
485 693 673 748 gerenda
704 694 822 735 sunt:

277 751 310 794 Ι.
341 751 406 794 De
438 752 702 794 occultandis
735 751 937 794 consiliis.

253 810 309 852 II.
339 809 405 852 De
436 810 710 865 explorandis
742 810 933 852 consiliis
964 809 1167 851 hostium.

231 868 311 911 III.
341 869 407 911 De
438 868 738 910 constituendo
772 871 890 910 statu
922 868 1038 909 belli.

209 926 309 969 ῙΙΠ.
340 926 406 969 De
424 927 738 970 transducendo
755 927 942 970 exercitu
956 941 1033 981 per
1046 927 1142 968 loca
1157 926 1274 969 hosti
1289 926 1459 970 infesta.

257 985 310 1028 V.
341 985 407 1028 De
437 986 655 1028 euadendo
688 1001 739 1028 ex
769 985 876 1028 locis
909 985 1191 1028 difficillimis.

236 1043 311 1086 VI.
341 1043 407 1086 De
438 1045 605 1086 insidiis
638 1044 740 1099 <in>
771 1045 925 1087 itinere
955 1044 1095 1086 factis.

211 1102 307 1146 VII.
340 1102 709 1153 Quemadmodum
734 1118 802 1159 ea,
827 1103 981 1157 quibus
1007 1103 1261 1158 deficiemur‚
1286 1103 1457 1145 uidean-

379 1164 451 1204 tur
486 1177 575 1205 non
612 1162 758 1205 deesse
797 1165 872 1205 aut
907 1177 1010 1204 usus
1044 1177 1190 1204 eorum
1222 1162 1457 1217 expleatur.

192 1219 310 1262 VIII.
340 1221 406 1263 De
438 1221 746 1277 distringendis
778 1221 990 1264 hostibus.

167 1278 308 1322 VIIII.
339 1278 405 1322 De
436 1280 644 1322 seditione
675 1280 863 1322 militum
895 1280 1214 1335 compescenda.

255 1338 308 1380 X.
339 1337 707 1387 Quemadmodum
722 1339 1025 1394 intempestiua
1038 1339 1275 1394 postulatio
1286 1352 1456 1394 pugnae

379 1397 637 1439 inhibeatur.

236 1455 310 1498 XI.
341 1455 712 1506 Quemadmodum
756 1456 999 1499 incitandus
1044 1457 1103 1498 sit
1146 1455 1199 1498 ad
1242 1456 1456 1511 proelium

382 1515 602 1558 exercitus.

213 1571 309 1616 XII.
339 1573 404 1615 De
442 1574 719 1616 dissoluendo
757 1576 892 1628 metu,
933 1587 1059 1629 quem
1097 1574 1258 1616 milites
1297 1589 1348 1615 ex
1386 1574 1455 1616 ad-

379 1633 516 1675 uersis
548 1633 817 1688 conceperint
848 1632 1075 1674 ominibus.

109 1791 197 1816 nam
229 1792 313 1816 cum
337 1801 382 1807 —
407 1782 511 1825 hab.,
542 1783 623 1817 tum
655 1782 687 1816 si
710 1781 802 1816 Ded.
844 1781 849 1827 Ι
892 1785 910 1815 1
944 1781 1137 1817 adutiliter
1166 1783 1232 1826 (ad
1257 1786 1354 1828 exp.)
1380 1783 1414 1819 G
1448 1784 1452 1828 Ι

110 1833 131 1863 2
161 1828 567 1864 (ΤΡΑΤΗΓΗΜΑΤΙΚΑ
598 1828 673 1874 (sed
704 1829 953 1864 (ΣΤΡΑΤΗΓΜ.
979 1829 1037 1872 H)
1066 1827 1230 1864 CGHP
1264 1831 1269 1874 Ι
1309 1830 1355 1876 si]
1390 1829 1456 1865 sed

113 1875 225 1912 Term.
247 1876 253 1921 Ι
275 1876 606 1911 (ΤΡΑΤΗΓΗΜΑΤ
624 1876 668 1910 Η
672 1875 682 1894 ¹
707 1876 1048 1911 (ΤΡΑΤΙΓΗΜΑΤΑ
1063 1876 1100 1910 Ρ
1120 1879 1124 1918 Ι
1147 1881 1167 1911 3
1187 1877 1341 1923 propria
1362 1877 1454 1913 Oud.

109 1922 281 1968 propriae
307 1922 393 1958 GH
395 1923 432 1958 P
467 1925 472 1967 1
513 1921 790 1969 sollertiamque
817 1924 911 1966 (una
936 1923 1004 1959 litt.
1030 1925 1151 1967 erasa)
1178 1924 1224 1958 H
1249 1926 1254 1969 Ι
1295 1928 1318 1959 4
1344 1936 1456 1969 quam

109 1969 175 2005 ubi
200 1979 284 2015 opp.
304 1971 330 2005 d
350 1972 356 2013 1
387 1974 407 2005 9
434 1971 530 2005 sunt.
555 1968 778 2004 EXPLIClT
803 1968 1078 2005 PRAEFATIO
1102 1970 1383 2007 FRONTONIS
1407 1971 1455 2015 G,

109 2017 249 2051 omissis
274 2017 392 2052 titulis
415 2018 582 2053 munibus
606 2019 642 2060 3,
662 2019 802 2060 10—4,
823 2020 843 2051 1
875 2018 881 2060 Ι
914 2020 956 2052 13
982 2017 1083 2053 hosti
1104 2018 1201 2061 ΗΡ,
1227 2019 1311 2054 item
1330 2021 1390 2063 11,
1407 2022 1456 2054 24

108 2062 280 2098 hostibus
304 2064 329 2098 d
370 2063 534 2099 hostium
558 2064 636 2100 edd.
668 2066 674 2109 Ι
706 2063 850 2098 insessa
876 2063 968 2100 Oud.
1004 2066 1009 2108 Ι
1050 2067 1093 2099 15
1119 2063 1159 2099 in
1189 2065 1322 2101 itinere
1355 2067 1380 2101 d
1412 2077 1456 2101 ex

111 2112 175 2152 23,
195 2113 216 2144 1
241 2110 366 2146 itineri
381 2111 490 2156 HPl
513 2114 557 2146 16
582 2109 796 2146 deficiemur
819 2111 951 2156 scripsi
975 2111 1179 2146 efficiemur
1198 2113 1244 2146 H
1265 2113 1455 2148 deficimus

111 2156 164 2198 P;
188 2157 234 2200 cf.
250 2158 369 2201 praef.
389 2157 416 2204 ἕ
435 2161 483 2193 14
503 2160 509 2203 1
534 2161 576 2193 18
602 2156 874 2202 destringendis
901 2159 1044 2202 (omisso
1068 2158 1140 2202 De)
1164 2157 1245 2194 GH
1260 2158 1266 2206 1
1289 2164 1334 2194 20
1358 2160 1456 2195 hunc

111 2203 166 2237 tit.
185 2213 251 2239 om.
272 2204 329 2247 H,
354 2205 473 2240 titulis
496 2206 561 2250 qui
584 2208 784 2251 sequuntur
808 2206 968 2240 numeris
992 2205 1026 2240 X
1045 2209 1078 2241 et
1098 2206 1148 2240 XI
1173 2207 1347 2251 siqnatis,
1372 2207 1456 2242 item

110 2249 235 2302 infra;
259 2251 305 2294 cf.
324 2252 445 2296 praef.
464 2251 491 2298 5
504 2255 530 2288 2
551 2253 558 2296 1
580 2255 624 2286 21
650 2251 819 2286 inhibeat
834 2252 880 2295 P,
905 2263 997 2288 corr.
1017 2253 1043 2288 d
1067 2264 1110 2288 ex
1129 2256 1193 2296 29,
1214 2255 1262 2288 15
1282 2254 1288 2297 Ι
1310 2257 1357 2287 24
1382 2264 1454 2298 quo

110 2295 245 2379 milzwe.
271 2307 303 2332 a.
333 2299 569 2334 concederint
597 2297 842 2343 (conciderint
865 2299 914 2343 P)
941 2298 1152 2335 hominibus
1178 2299 1219 2334 Η
1228 2300 1280 2343 P,
1313 2311 1404 2336 corr.
1430 2301 1455 2335 d

111 2353 155 2378 ex
228 2370 239 2387 ,
259 2347 283 2379 6

1192 2408 1205 2438 1
1221 2404 1240 2426 *

1484 466 1505 498 5

1484 763 1529 793 10

1485 1057 1527 1087 15

1482 1351 1527 1382 20

1481 1644 1526 1675 25
