1612 2488
568 122 714 158 LIBER
738 123 766 161 Ι.
805 122 909 160 ΟΔΡ.
935 126 968 159 5.
1386 122 1440 165 21

187 231 256 275 19.
285 231 535 275 Hasdrubal
565 231 701 274 frater
732 230 1009 285 Hannibalis,
1041 245 1136 273 cum
1168 231 1328 273 saltum
1358 246 1447 274 non

97 293 247 346 posset
270 291 464 345 euadere,
484 290 679 333 faucibus
705 289 797 332 eius
816 290 1020 346 obsessis,
1038 290 1129 346 egit
1148 305 1245 332 cum
1264 289 1446 334 Claudio

97 348 271 392 Nerone
318 350 567 406 recepitque
616 348 840 391 dimissum
888 348 1107 405 Hispania
1160 363 1445 392 excessurum.

97 409 326 451 cauillatus
364 408 516 451 deinde
549 407 875 451 condicionibus
912 407 1002 451 dies
1039 408 1204 463 aliquot
1226 409 1446 463 extraxit,

100 468 257 522 quibus
288 468 487 510 omnibus
517 481 607 510 non
637 467 787 510 omisit
823 481 901 523 per
932 469 1142 523 angustos
1173 468 1371 510 tramites
1401 470 1446 510 et
1470 479 1491 511 5

98 526 154 569 ob
185 526 231 568 id
259 527 479 583 neglectos
510 525 729 569 dimittere
766 540 844 581 per
879 529 1026 581 partes
1057 526 1313 569 exercitum:
1352 526 1446 582 ipse

98 584 250 627 deinde
281 600 377 628 cum
408 585 587 640 reliquis
619 585 831 641 expeditis
862 584 989 628 facile
1021 585 1184 641 effugit.

186 644 256 688 20.
287 642 519 700 Spartacus
544 643 721 699 fossam,
739 659 824 700 qua
848 646 941 686 erat
966 659 991 686 a
1009 643 1066 686 M.
1086 643 1245 687 Crasso
1270 645 1447 687 circum-

98 701 239 758 datus,
263 703 399 746 caesis
425 702 695 758 captiuorum
720 717 1009 759 pecorumque
1036 704 1291 759 corporibus
1315 707 1446 746 noctu

96 761 284 817 repleuit
313 764 357 804 et
387 775 690 818 supergressus
721 766 800 804 est.
1473 774 1517 806 10

186 821 256 862 21.
289 820 422 875 Idem,
451 821 498 863 in
521 819 686 862 Vesuio
719 821 920 863 obsessus
953 835 1003 862 ea
1032 824 1175 876 parte,
1206 836 1291 876 qua
1320 836 1446 864 mons

98 878 363 934 asperrimus
400 882 494 921 erat
529 879 710 934 ideoque
746 878 1057 934 incustoditae,
1097 894 1148 921 ex
1178 880 1341 922 uimine
1374 881 1447 922 sil-

98 937 234 979 uestri
266 940 442 980 catenas
473 938 708 981 conseruit:
746 938 902 994 quibus
940 938 1150 980 demissus
1187 953 1277 981 non
1308 940 1446 982 solum

99 995 251 1050 euasit,
278 1010 428 1039 uerum
454 997 586 1039 etiam
611 1011 663 1039 ex
689 997 776 1040 alio
801 997 938 1039 latere
963 996 1166 1040 Clodium
1190 998 1255 1040 ita
1277 999 1448 1054 terruit,

98 1058 148 1097 ut
179 1054 349 1110 aliquot
378 1055 575 1098 cohortes
614 1055 926 1112 gladiatoribus
965 1058 1173 1111 quattuor
1204 1062 1247 1099 et
1277 1059 1446 1113 septua-
1473 1068 1516 1100 15

98 1113 222 1170 ginta
250 1114 467 1156 cesserint.

188 1172 259 1216 22.
287 1172 425 1228 Idem,
456 1187 554 1215 cum
579 1189 604 1215 a
630 1172 676 1216 P.
695 1172 876 1216 Varinio
910 1174 1166 1229 proconsule
1196 1175 1447 1229 praeclusus

100 1234 232 1286 esset,
268 1231 383 1287 palis
418 1246 496 1286 per
533 1231 703 1275 modica
738 1233 966 1275 interualla
1002 1232 1099 1275 fixis
1138 1235 1239 1275 ante
1275 1236 1448 1289 portam

101 1292 243 1332 erecta
268 1289 496 1345 cadauera,
522 1291 730 1334 adornata
753 1294 874 1334 ueste
899 1295 1028 1347 atque
1053 1292 1184 1334 armis
1191 1326 1203 1347 ,
1234 1293 1448 1349 alligauit,

102 1351 151 1390 ut
180 1349 330 1403 procul
360 1350 630 1392 intuentibus
662 1350 864 1393 stationis
903 1351 1067 1405 species
1104 1354 1236 1406 esset,
1273 1351 1446 1408 ignibus
1472 1363 1517 1396 20

101 1421 180 1461 per
221 1409 316 1450 tota
359 1410 500 1450 castra
542 1408 688 1450 factis:
737 1410 928 1465 imagine
970 1424 1084 1452 uana
1127 1410 1278 1453 deluso
1321 1411 1448 1454 hoste

101 1465 248 1520 copias
279 1466 452 1508 silentio
482 1467 623 1509 noctis
654 1467 812 1510 eduxit.

190 1524 259 1566 23.
289 1524 494 1568 Brasidas
526 1526 612 1568 dux
642 1526 1096 1582 Lacedaemoniorum,
1128 1528 1241 1570 circa
1265 1528 1448 1584 Amphi-

100 1583 238 1638 polim
268 1583 324 1626 ab
348 1583 680 1627 Atheniensium
711 1586 986 1628 multitudine
1012 1601 1193 1629 numero
1225 1587 1351 1642 inpar
1381 1587 1448 1629 de-

54 1671 58 1674 ·
100 1641 357 1695 prehensus,
393 1643 675 1685 claudendum
714 1659 759 1686 se
795 1646 1032 1699 praestitit,
1068 1648 1118 1687 ut
1153 1659 1230 1700 per
1267 1645 1449 1700 longum
1474 1658 1518 1689 25

102 1709 285 1741 coronae
333 1701 544 1742 ambitum
593 1704 842 1744 extenuaret
894 1703 1101 1745 hostilem
1148 1704 1450 1759 frequentiam,

103 1772 271 1813 quaque
302 1758 514 1800 rarissimi
545 1760 795 1814 obstabant,
828 1762 981 1815 erupit.

190 1816 261 1859 24.
290 1816 530 1872 Iphicrates
555 1818 601 1860 iu
620 1818 819 1874 Thracia,
842 1834 939 1861 cum
964 1820 1166 1875 depresso
1191 1820 1287 1863 loco
1308 1824 1450 1865 castra

102 1875 331 1930 posuisset,
357 1877 622 1931 explorasset
648 1880 792 1920 autem
818 1879 873 1920 ab
898 1878 1025 1921 hoste
1050 1880 1292 1934 proximum
1310 1881 1450 1923 teneri

197 1982 218 2014 2
245 1979 302 2015 .cl.
326 1979 433 2024 HP1
455 1984 478 2015 4
504 1980 701 2016 cauillatos
727 1981 821 2024 ΗΡ,
845 1992 909 2017 em.
934 1983 1013 2018 edd.
1039 1982 1230 2019 cauillatis
1254 1984 1279 2019 d
1300 1984 1306 2031 Ι
1338 1988 1358 2019 5
1384 1996 1449 2020 an·

104 2027 233 2070 gustas
251 2026 297 2060 H
313 2026 320 2072 Ι
347 2030 369 2062 6
388 2026 483 2063 obiit
500 2027 546 2062 H
563 2031 568 2070 Ι
591 2032 611 2064 7
626 2028 782 2073 reliquis
794 2028 847 2073 H,
866 2029 927 2064 sed
946 2041 963 2064 s
982 2030 1024 2065 in
1041 2041 1115 2066 ras.
1134 2031 1295 2067 duarum
1314 2032 1381 2067 litt.
1395 2033 1418 2067 h
1440 2032 1446 2078 Ι

104 2075 125 2107 8
145 2071 326 2117 Spatacus
344 2073 391 2108 H
406 2074 413 2118 Ι
439 2077 461 2109 9
486 2085 662 2119 pecorum
687 2086 833 2120 quoque
852 2076 898 2110 H
900 2076 946 2120 P,
970 2087 1034 2113 em,
1053 2078 1080 2112 ἅ
1098 2077 1106 2122 Ι
1137 2082 1180 2113 11
1206 2078 1336 2114 besbio
1355 2079 1400 2113 H
1404 2079 1450 2122 P,

103 2129 166 2154 em.
193 2119 286 2155 Oua.
318 2120 481 2156 Vesuuio
507 2122 585 2158 edd.
617 2124 622 2166 Ι
659 2125 701 2157 12
728 2124 809 2158 erat
833 2124 945 2167 atque
969 2123 1128 2169 ideoque
1154 2125 1212 2159 H:
1237 2126 1283 2168 cf.
1308 2136 1346 2160 u.
1364 2128 1414 2160 19
1442 2126 1446 2172 Ι

102 2165 259 2213 uimine]
278 2167 357 2202 uite
369 2166 598 2204 Freinsheim
615 2169 693 2205 coll.
708 2169 814 2205 Flor.
828 2172 864 2212 3,
875 2172 983 2213 20,4.
1007 2171 1110 2206 Plut.
1128 2171 1245 2207 Graes.
1260 2175 1283 2207 9
1306 2174 1311 2217 1
1336 2175 1378 2207 13
1393 2172 1449 2207 di·

103 2212 317 2256 missusH1
341 2217 384 2248 14
403 2214 570 2259 glodinm
583 2215 630 2251 H
649 2215 818 2260 gladium
831 2216 879 2259 P,
896 2228 959 2253 em.
974 2217 1076 2254 Mod.
1099 2221 1105 2260 1
1129 2222 1172 2254 17
1193 2229 1216 2253 a
1233 2218 1275 2253 P.
1292 2219 1384 2255 Oud.
1404 2230 1449 2256 ex

103 2257 192 2294 Βία.
205 2262 265 2295 95.
289 2260 390 2296 Plut.
412 2261 567 2298 Crass.9
592 2263 650 2298 ab.
664 2261 704 2297 L.
717 2263 763 2298 H
783 2263 856 2299 abl.
875 2263 936 2310 ΡΙ
955 2268 1131 2310 procon—s.
1151 2266 1197 2301 H
1202 2266 1239 2300 P
1258 2267 1264 2310 Ι
1287 2269 1331 2301 19
1351 2276 1450 2302 erec-

102 2306 183 2340 tam
197 2305 243 2341 H
260 2308 266 2350 1
287 2309 399 2351 atque
418 2318 484 2343 om.
498 2309 558 2344 H:
576 2310 621 2352 cf.
636 2321 672 2345 u.
687 2313 737 2346 12
759 2311 765 2354 Ι
792 2314 839 2346 20
857 2311 1049 2347 strationis
1070 2313 1119 2355 (is
1138 2323 1182 2348 ea:
1195 2323 1235 2347 es
1254 2315 1363 2357 corr.)
1378 2313 1448 2395 HI}

104 2355 150 2388 28
170 2353 262 2388 idem
281 2354 354 2396 sere
371 2356 568 2400 emplum
587 2358 625 2399 2,
638 2359 734 2400 12,4
755 2359 760 2400 1
789 2360 834 2392 29
859 2360 984 2394 autem
1004 2379 1047 2385 —
1068 2358 1205 2406 teneri]
1226 2363 1274 2394 au
1291 2360 1372 2396 neri
