1612 2488
102 743 144 775 10

100 1039 143 1071 15

95 1335 141 1368 20

95 1631 139 1663 25

177 68 263 132 ’122
448 91 546 127 ium
571 91 809 128 FRoNTmi
837 91 1268 130 STRATEGEMATON

174 199 303 242 iussit
328 202 382 254 et,
407 214 534 255 quem
561 201 745 243 occisuri
764 215 842 256 per
860 201 1145 257 ignominiam
1170 201 1319 245 hostes
1342 202 1528 259 fuerant,

174 259 371 314 exemplo
403 260 547 314 potius
578 259 788 314 inpendit.

245 319 332 361 ‘34.
378 319 547 375 Appius
586 317 791 362 Claudius
830 334 882 362 ex
918 319 1011 375 his,
1055 320 1130 375 qui
1165 321 1261 363 loco
1298 324 1530 377 cesserant,

174 377 386 420 decimum
430 392 641 433 quemque
683 378 866 421 militem
910 381 1026 422 sorte
1069 379 1247 422 ductum
1287 379 1393 422 fusti
1432 395 1528 436 per—

173 438 320 480 cussit.

261 497 329 539 35.
372 495 533 539 Fabius
573 496 728 539 Rullus
773 497 921 540 consul
965 512 1016 539 ex
1061 497 1226 540 duabus
1268 497 1527 555 legionibus,

174 570 283 611 quae
304 556 400 598 loco
422 552 651 612 cesserant,
683 559 797 599 sorte
830 556 1019 599 ductos
1005 572 1052 599 1n
1078 559 1309 613 conspectu
1334 557 1523 600 militum

172 615 310 657 securi
340 615 562 671 percussit.

261 674 330 717 36.
362 674 565 729 Aquilius
589 677 736 718 ternos
763 689 814 717 ex
839 675 1057 726 centuriis,
1089 690 1271 731 quarum
1303 676 1436 718 statio
1468 677 1523 719 ab

169 732 297 775 hoste
328 735 536 789 perrupta
568 737 679 789 erat,
709 734 848 776 securi
878 734 1100 790 percussit.

260 793 328 835 37.
373 792 430 835 M.
457 793 690 848 Antonius,
721 808 818 836 cum
843 807 978 848 agger
1008 794 1063 836 ab
1094 793 1294 836 hostibus
1325 794 1525 837 incensus

170 855 295 907 esset,
327 866 378 894 ex
409 852 491 907 his,
523 853 597 908 qui
628 853 673 894 in
701 867 828 908 opere
859 853 1041 907 fuerant,
1072 853 1252 895 duarum
1283 853 1525 896 cohortium

170 911 355 953 militem
393 911 628 954 decimauit
664 914 709 954 et
746 913 790 954 in
830 912 1026 967 singulos
1065 927 1116 954 ex
1151 912 1220 954 his
1252 913 1524 955 centuriones

170 971 487 1024 animaduertit,
518 971 714 1027 legatum
746 986 844 1013 cum
869 971 1109 1026 ignominia
1139 971 1318 1027 dimisit,
1347 971 1525 1027 reliquis

170 1044 221 1071 ex
253 1030 424 1085 legione
456 1030 666 1072 hordeum
699 1031 793 1072 dari
823 1031 964 1073 iussit.

258 1090 328 1132 38.
360 1088 409 1131 In
434 1089 663 1145 legionem,
689 1104 799 1145 quae
818 1088 1002 1145 Regium
1024 1089 1231 1145 oppidum
1255 1089 1424 1132 iniussu
1444 1089 1522 1131 du·

169 1148 229 1190 cis
262 1148 582 1203 dir<ip>uerat,
621 1149 968 1190 animaduersum
1005 1152 1072 1190 est
1107 1149 1194 1204 ita,
1230 1151 1279 1190 ut
1316 1151 1522 1204 quattuor

168 1207 288 1249 milia
325 1207 486 1249 tradita
523 1207 743 1250 custodiae
773 1210 1049 1250 necarentur:
1089 1211 1314 1263 praeterea
1344 1210 1519 1250 senatus

167 1267 364 1309 consulto
410 1270 585 1309 cautum
629 1270 717 1321 est,
759 1281 813 1308 ne
858 1281 986 1322 quem
1023 1281 1074 1309 ex
1117 1266 1180 1309 eis
1223 1266 1407 1322 sepelire
1448 1266 1518 1308 uel

166 1325 314 1381 lugere
345 1326 411 1368 fas
444 1328 571 1368 esset.

255 1385 324 1428 39.
374 1384 422 1426 L.
455 1385 657 1441 Papirius
697 1383 855 1427 Cursor
899 1385 1086 1427 dictator
1122 1383 1305 1450 Fabium
1343 1383 1519 1426 Rullum

166 1445 425 1511 magistrum
445 1445 649 1499 equitum,
670 1444 783 1499 quod
804 1444 1033 1486 aduersum
1054 1444 1240 1485 edictum
1260 1442 1351 1485 eius
1371 1457 1520 1498 quam—

165 1504 232 1545 uis
257 1518 461 1558 piospere
486 1506 768 1558 pugnauerat,
799 1503 910 1557 <ad>
930 1503 1079 1558 uirgas
1103 1501 1314 1557 poposcit,
1346 1516 1519 1544 caesum

166 1563 304 1604 securi
335 1577 633 1617 percussurus:
662 1576 742 1604 nec
774 1561 1043 1604 contentioni
1073 1563 1149 1603 aut
1178 1560 1377 1617 precibus
1409 1560 1521 1603 mili-

166 1623 260 1663 tum
292 1621 505 1664 concessit
536 1620 955 1663 animaduersionem
993 1634 1173 1676 eumque
1203 1619 1520 1676 profugientem

165 1680 348 1723 Romam
388 1683 636 1736 persecutus
676 1683 758 1735 est,
801 1695 855 1722 ne
885 1680 946 1722 ibi
984 1679 1157 1735 quidem
1186 1679 1367 1721 remisso
1398 1678 1518 1734 prius

166 1740 370 1795 supplicii
401 1743 537 1794 metu,
573 1754 703 1794 quam
741 1739 794 1781 ad
832 1753 974 1794 genua
1011 1740 1102 1781 eius
1143 1740 1186 1781 et
1217 1737 1380 1780 Fabius
1419 1752 1518 1780 cum

260 1872 282 1902 4
307 1867 470 1903 militum
490 1867 548 1903 H¹
570 1869 576 1912 Ι
605 1872 624 1903 ’1
650 1867 799 1903 uicenos
824 1871 908 1903 ante
933 1868 1032 1903 sorte
1059 1866 1152 1902 Oud.
1177 1866 1270 1901 male
1293 1866 1450 1901 inseruit
1472 1876 1518 1900 ex

164 1915 223 1951 Ιο.
244 1915 386 1950 Saresb
410 1916 544 1951 Polior.
566 1917 690 1958 6,12.·
715 1915 761 1958 cf.
782 1915 903 1960 praef.
929 1914 956 1962 §
977 1918 999 1950 7
1022 1916 1026 1958 Ι
1049 1918 1069 1950 9
1096 1912 1315 1958 Aquilegius
1344 1911 1379 1947 G
1402 1911 1517 1957 Aqui·

163 1962 241 1997 rius
261 1962 321 2006 ΡΙ
343 1973 499 2006 quarum
518 1963 598 1998 edd
611 1974 768 2007 quorum
787 1961 975 2007 CGHP!
999 1966 1042 1997 11
1058 1961 1129 2016 ·M.]
1150 1962 1193 1996 A.
1213 1960 1270 1994 Ηι
1292 1961 1298 2005 Ι
1320 1970 1368 2004 ag
1370 1970 1426 1995 er
1418 1959 1487 1995 ΗἸ

167 2013 209 2045 12
236 2009 429 2045 eohortnm
458 2010 492 2045 G
519 2011 524 2054 Ι
561 2014 603 2045 13
630 2010 792 2045 militum
817 2010 881 2044 H¹
909 2010 914 2054 Ι
947 1964 989 2045 lt
1015 2008 1159 2044 iniussu
1183 2006 1247 2042 Gh
1283 2005 1434 2042 iniussit

163 2057 330 2092 iussu-:P
349 2058 397 2100 cf.
408 2058 530 2102 praef.
541 2057 624 2103 §11
649 2060 653 2097 Ι
678 2060 719 2091 17
735 2056 902 2092 diruerat
915 2056 1053 2100 GHP
1069 2067 1132 2092 em.
1149 2054 1303 2090 Gasaub.
1326 2058 1331 2097 Ι
1355 2053 1446 2090 .ΠΠ.
1465 2067 1514 2090 m.

164 2104 198 2140 G
221 2106 226 2147 Ι
255 2108 297 2139 19
324 2107 450 2139 catum
473 2104 506 2138 G
528 2105 533 2147 Ι
556 2103 707 2149 sepeliri
733 2105 794 2148 ΡΙ
823 2108 866 2139 21
894 2083 1118 2139 dictatoicem
1143 2102 1189 2137 H
1205 2103 1211 2146 Ι
1240 2101 1391 2136 Rullum
1419 2101 1513 2138 oud.

162 2150 332 2186 rutilium
361 2151 448 2187 GH
473 2150 628 2186 rutilum
657 2151 694 2185 P
723 2150 937 2186 Rullianum
968 2150 1057 2187 Liu.
1077 2154 1115 2193 8,
1133 2152 1193 2186 29.
1234 2149 1314 2184 Val
1339 2151 1378 2192 2,
1397 2152 1433 2192 7,
1452 2152 1478 2185 8
1485 2148 1510 2203 Ι

164 2202 208 2234 22
236 2198 401 2234 edictum
421 2199 455 2234 G
480 2198 622 2233 dictum
642 2198 749 2242 HP!
771 2202 816 2233 23
842 2199 890 2233 ad
909 2198 1035 2244 uirgas
1060 2208 1125 2232 nos
1143 2197 1267 2241 uirgas
1290 2176 1378 2231 GH
1398 2195 1514 2241 uirgis

167 2245 204 2280 P
229 2246 234 2290 Ι
268 2246 459 2291 poposcit,
492 2256 641 2281 caesum
667 2246 785 2280 securi
810 2246 969 2281 distineni
998 2244 1172 2299 poposcit
1197 2253 1362 2287 caesum,
1394 2242 1515 2279 securi

163 2294 240 2328 edd.
265 2294 270 2338 Ι
298 2297 343 2328 25
364 2304 520 2338 cumque
539 2293 586 2328 H
602 2294 608 2338 Ι
636 2296 680 2327 26
705 2292 776 2327 sibi
797 2293 830 2327 G
853 2295 858 2338 Ι
879 2292 1048 2328 remissio
1069 2291 1152 2326 ΗΡ
1171 2293 1176 2336 Ι
1204 2302 1270 2326 nec
1290 2290 1344 2326 ibi
1363 2289 1513 2335 quidem

162 2339 422 2376 remissionem
448 2339 620 2386 supplicii
645 2338 748 2385 prius
772 2340 910 2375 meruit
935 2351 1047 2384 quam
1071 2340 1097 2375 d
