<?xml version="1.0" encoding="UTF-8"?>
<!DOCTYPE html PUBLIC "-//W3C//DTD XHTML 1.0 Transitional//EN"
    "http://www.w3.org/TR/xhtml1/DTD/xhtml1-transitional.dtd">
<html xmlns="http://www.w3.org/1999/xhtml" xml:lang="en" lang="en">
 <head>
  <title>
</title>
<meta http-equiv="Content-Type" content="text/html;charset=utf-8" />
  <meta name='ocr-system' content='tesseract 3.04.00' />
  <meta name='ocr-capabilities' content='ocr_page ocr_carea ocr_par ocr_line ocrx_word'/>
</head>
<body>
  <div class='ocr_page' id='page_1' title='image "./strategematonlib00fronuoft_0026.png"; bbox 0 0 1578 2508; ppageno 0'>
   <div class='ocr_carea' id='block_1_1' title="bbox 60 739 103 771">
    <p class='ocr_par' dir='ltr' id='par_1_1' title="bbox 60 739 103 771">
     <span class='ocr_line' id='line_1_1' title="bbox 60 739 103 771; baseline 0.023 -1"><span class='ocrx_word' id='word_1_1' title='bbox 60 739 103 771; x_wconf 90' lang='lat'><strong>10</strong></span> 
     </span>
    </p>
   </div>
   <div class='ocr_carea' id='block_1_2' title="bbox 60 1034 103 1065">
    <p class='ocr_par' dir='ltr' id='par_1_2' title="bbox 60 1034 103 1065">
     <span class='ocr_line' id='line_1_2' title="bbox 60 1034 103 1065; baseline 0 0"><span class='ocrx_word' id='word_1_2' title='bbox 60 1034 103 1065; x_wconf 86' lang='lat'><strong>15</strong></span> 
     </span>
    </p>
   </div>
   <div class='ocr_carea' id='block_1_3' title="bbox 60 1330 105 1362">
    <p class='ocr_par' dir='ltr' id='par_1_3' title="bbox 60 1330 105 1362">
     <span class='ocr_line' id='line_1_3' title="bbox 60 1330 105 1362; baseline 0.022 -1"><span class='ocrx_word' id='word_1_3' title='bbox 60 1330 105 1362; x_wconf 78' lang='lat'><strong>20</strong></span> 
     </span>
    </p>
   </div>
   <div class='ocr_carea' id='block_1_4' title="bbox 62 1624 106 1656">
    <p class='ocr_par' dir='ltr' id='par_1_4' title="bbox 62 1624 106 1656">
     <span class='ocr_line' id='line_1_4' title="bbox 62 1624 106 1656; baseline 0 0"><span class='ocrx_word' id='word_1_4' title='bbox 62 1624 106 1656; x_wconf 81' lang='lat'><strong>25</strong></span> 
     </span>
    </p>
   </div>
   <div class='ocr_carea' id='block_1_5' title="bbox 127 82 1219 126">
    <p class='ocr_par' dir='ltr' id='par_1_5' title="bbox 127 82 1219 126">
     <span class='ocr_line' id='line_1_5' title="bbox 127 82 1219 126; baseline -0.001 -6"><span class='ocrx_word' id='word_1_5' title='bbox 127 84 155 126; x_wconf 79' lang='grc'><strong>2</strong></span> <span class='ocrx_word' id='word_1_6' title='bbox 407 84 506 120; x_wconf 90' lang='lat' dir='ltr'>IULI</span> <span class='ocrx_word' id='word_1_7' title='bbox 530 84 765 120; x_wconf 88' lang='lat' dir='ltr'><strong>FRONTINI</strong></span> <span class='ocrx_word' id='word_1_8' title='bbox 792 82 1219 120; x_wconf 81' lang='lat' dir='ltr'><strong>STRATEGEMATON</strong></span> 
     </span>
    </p>
   </div>
   <div class='ocr_carea' id='block_1_6' title="bbox 126 193 1487 1723">
    <p class='ocr_par' dir='ltr' id='par_1_6' title="bbox 126 193 1487 901">
     <span class='ocr_line' id='line_1_6' title="bbox 126 193 1484 249; baseline 0 -14"><span class='ocrx_word' id='word_1_9' title='bbox 126 193 344 249; x_wconf 83' lang='lat' dir='ltr'><strong>persequi3</strong></span> <span class='ocrx_word' id='word_1_10' title='bbox 377 195 420 235; x_wconf 91' lang='lat' dir='ltr'><strong>et</strong></span> <span class='ocrx_word' id='word_1_11' title='bbox 449 193 514 248; x_wconf 88' lang='lat' dir='ltr'><strong>hi,</strong></span> <span class='ocrx_word' id='word_1_12' title='bbox 546 193 620 248; x_wconf 91' lang='lat' dir='ltr'><strong>qui</strong></span> <span class='ocrx_word' id='word_1_13' title='bbox 644 193 860 235; x_wconf 75' lang='lat' dir='ltr'><strong>notabilia</strong></span> <span class='ocrx_word' id='word_1_14' title='bbox 885 195 1209 248; x_wconf 87' lang='lat' dir='ltr'><strong>excerpserunt,</strong></span> <span class='ocrx_word' id='word_1_15' title='bbox 1241 193 1336 248; x_wconf 88' lang='lat' dir='ltr'><strong>ipso</strong></span> <span class='ocrx_word' id='word_1_16' title='bbox 1361 193 1484 235; x_wconf 89' lang='lat' dir='ltr'><strong>uelut</strong></span> 
     </span>
     <span class='ocr_line' id='line_1_7' title="bbox 129 252 1483 307; baseline 0 -13"><span class='ocrx_word' id='word_1_17' title='bbox 129 267 283 295; x_wconf 89' lang='lat' dir='ltr'><strong>aceruo</strong></span> <span class='ocrx_word' id='word_1_18' title='bbox 315 267 460 294; x_wconf 86' lang='lat' dir='ltr'><strong>rerum</strong></span> <span class='ocrx_word' id='word_1_19' title='bbox 493 252 782 295; x_wconf 87' lang='lat' dir='ltr'><strong>confuderunt</strong></span> <span class='ocrx_word' id='word_1_20' title='bbox 811 252 1040 307; x_wconf 83' lang='lat' dir='ltr'><strong>legentem.</strong></span> <span class='ocrx_word' id='word_1_21' title='bbox 1095 253 1246 294; x_wconf 87' lang='lat' dir='ltr'><strong>nostra</strong></span> <span class='ocrx_word' id='word_1_22' title='bbox 1277 252 1483 294; x_wconf 78' lang='lat' dir='ltr'><strong>sedulitas</strong></span> 
     </span>
     <span class='ocr_line' id='line_1_8' title="bbox 128 311 1482 368; baseline -0.001 -14"><span class='ocrx_word' id='word_1_23' title='bbox 128 312 335 368; x_wconf 75' lang='lat' dir='ltr'>inpendet</span> <span class='ocrx_word' id='word_1_24' title='bbox 361 326 550 366; x_wconf 82' lang='lat' dir='ltr'><strong>operam,</strong></span> <span class='ocrx_word' id='word_1_25' title='bbox 576 315 637 366; x_wconf 87' lang='lat' dir='ltr'><strong>ut,</strong></span> <span class='ocrx_word' id='word_1_26' title='bbox 663 311 1024 366; x_wconf 84' lang='lat' dir='ltr'><strong>quemadmodum</strong></span> <span class='ocrx_word' id='word_1_27' title='bbox 1050 325 1119 353; x_wconf 91' lang='lat' dir='ltr'><strong>res</strong></span> <span class='ocrx_word' id='word_1_28' title='bbox 1145 313 1308 366; x_wconf 81' lang='lat' dir='ltr'><strong>poscet⁷</strong></span> <span class='ocrx_word' id='word_1_29' title='bbox 1339 311 1482 365; x_wconf 80' lang='lat' dir='ltr'><strong>ipsum</strong></span> 
     </span>
     <span class='ocr_line' id='line_1_9' title="bbox 130 369 1482 427; baseline -0.001 -14"><span class='ocrx_word' id='word_1_30' title='bbox 130 371 243 427; x_wconf 84' lang='lat' dir='ltr'><strong>quod</strong></span> <span class='ocrx_word' id='word_1_31' title='bbox 272 371 460 427; x_wconf 76' lang='lat' dir='ltr'>exigitur</span> <span class='ocrx_word' id='word_1_32' title='bbox 487 371 611 426; x_wconf 83' lang='lat' dir='ltr'>quasi</span> <span class='ocrx_word' id='word_1_33' title='bbox 637 372 690 412; x_wconf 90' lang='lat' dir='ltr'><strong>ad</strong></span> <span class='ocrx_word' id='word_1_34' title='bbox 716 371 1032 426; x_wconf 87' lang='lat' dir='ltr'><strong>interrogatum</strong></span> <span class='ocrx_word' id='word_1_35' title='bbox 1059 369 1278 412; x_wconf 78' lang='lat' dir='ltr'>exhibeat:</span> <span class='ocrx_word' id='word_1_36' title='bbox 1305 370 1482 412; x_wconf 87' lang='lat' dir='ltr'><strong>circum-</strong></span> 
     </span>
     <span class='ocr_line' id='line_1_10' title="bbox 131 429 1482 486; baseline 0 -14"><span class='ocrx_word' id='word_1_37' title='bbox 131 430 288 485; x_wconf 88' lang='lat' dir='ltr'><strong>spectis</strong></span> <span class='ocrx_word' id='word_1_38' title='bbox 316 431 429 472; x_wconf 89' lang='lat' dir='ltr'><strong>enim</strong></span> <span class='ocrx_word' id='word_1_39' title='bbox 455 430 698 486; x_wconf 82' lang='lat' dir='ltr'><strong>generibus,</strong></span> <span class='ocrx_word' id='word_1_40' title='bbox 722 430 979 484; x_wconf 88' lang='lat' dir='ltr'><strong>praeparaui</strong></span> <span class='ocrx_word' id='word_1_41' title='bbox 1005 432 1249 484; x_wconf 88' lang='lat' dir='ltr'><strong>opportuna</strong></span> <span class='ocrx_word' id='word_1_42' title='bbox 1268 429 1482 483; x_wconf 87' lang='lat' dir='ltr'><strong>exemplo—</strong></span> 
     </span>
     <span class='ocr_line' id='line_1_11' title="bbox 128 488 1485 544; baseline -0.001 -13"><span class='ocrx_word' id='word_1_43' title='bbox 128 505 223 531; x_wconf 89' lang='lat' dir='ltr'><strong>rum</strong></span> <span class='ocrx_word' id='word_1_44' title='bbox 268 489 406 531; x_wconf 89' lang='lat' dir='ltr'><strong>ueluti</strong></span> <span class='ocrx_word' id='word_1_45' title='bbox 450 489 642 532; x_wconf 88' lang='lat' dir='ltr'><strong>consilia.</strong></span> <span class='ocrx_word' id='word_1_46' title='bbox 706 503 790 544; x_wconf 91' lang='lat' dir='ltr'><strong>quo</strong></span> <span class='ocrx_word' id='word_1_47' title='bbox 834 489 974 543; x_wconf 86' lang='lat' dir='ltr'><strong>magis</strong></span> <span class='ocrx_word' id='word_1_48' title='bbox 1018 491 1164 530; x_wconf 85' lang='lat' dir='ltr'><strong>autem</strong></span> <span class='ocrx_word' id='word_1_49' title='bbox 1207 488 1391 531; x_wconf 85' lang='lat' dir='ltr'><strong>discreta</strong></span> <span class='ocrx_word' id='word_1_50' title='bbox 1431 488 1485 531; x_wconf 87' lang='lat' dir='ltr'><strong>ad</strong></span> 
     </span>
     <span class='ocr_line' id='line_1_12' title="bbox 128 547 1486 603; baseline -0.001 -12"><span class='ocrx_word' id='word_1_51' title='bbox 128 564 272 591; x_wconf 89' lang='lat' dir='ltr'><strong>rerum</strong></span> <span class='ocrx_word' id='word_1_52' title='bbox 299 549 555 591; x_wconf 89' lang='lat' dir='ltr'><strong>uarietatem</strong></span> <span class='ocrx_word' id='word_1_53' title='bbox 582 551 681 603; x_wconf 90' lang='lat' dir='ltr'><strong>apte</strong></span> <span class='ocrx_word' id='word_1_54' title='bbox 707 548 1050 599; x_wconf 87' lang='lat' dir='ltr'><strong>conlocarentur,</strong></span> <span class='ocrx_word' id='word_1_55' title='bbox 1081 548 1127 589; x_wconf 91' lang='lat' dir='ltr'><strong>in</strong></span> <span class='ocrx_word' id='word_1_56' title='bbox 1150 549 1240 589; x_wconf 88' lang='lat' dir='ltr'><strong>tres</strong></span> <span class='ocrx_word' id='word_1_57' title='bbox 1272 547 1409 590; x_wconf 87' lang='lat' dir='ltr'><strong>libros</strong></span> <span class='ocrx_word' id='word_1_58' title='bbox 1435 561 1486 589; x_wconf 87' lang='lat' dir='ltr'><strong>ea</strong></span> 
     </span>
     <span class='ocr_line' id='line_1_13' title="bbox 129 607 1487 663; baseline -0.001 -13"><span class='ocrx_word' id='word_1_59' title='bbox 129 608 392 650; x_wconf 85' lang='lat' dir='ltr'><strong>diduximus:</strong></span> <span class='ocrx_word' id='word_1_60' title='bbox 429 608 475 649; x_wconf 88' lang='lat' dir='ltr'><strong>in</strong></span> <span class='ocrx_word' id='word_1_61' title='bbox 508 608 649 663; x_wconf 89' lang='lat' dir='ltr'><strong>primo</strong></span> <span class='ocrx_word' id='word_1_62' title='bbox 683 610 811 649; x_wconf 91' lang='lat' dir='ltr'><strong>erunt</strong></span> <span class='ocrx_word' id='word_1_63' title='bbox 842 607 1055 662; x_wconf 85' lang='lat' dir='ltr'><strong>exempla,</strong></span> <span class='ocrx_word' id='word_1_64' title='bbox 1094 620 1202 661; x_wconf 90' lang='lat' dir='ltr'><strong>quae</strong></span> <span class='ocrx_word' id='word_1_65' title='bbox 1236 608 1487 660; x_wconf 87' lang='lat' dir='ltr'><strong>competant</strong></span> 
     </span>
     <span class='ocr_line' id='line_1_14' title="bbox 128 665 1482 722; baseline -0.002 -13"><span class='ocrx_word' id='word_1_66' title='bbox 128 668 293 722; x_wconf 90' lang='lat' dir='ltr'><strong>proelio</strong></span> <span class='ocrx_word' id='word_1_67' title='bbox 324 667 516 709; x_wconf 89' lang='lat' dir='ltr'><strong>nondum</strong></span> <span class='ocrx_word' id='word_1_68' title='bbox 548 667 797 722; x_wconf 80' lang='lat' dir='ltr'><strong>commisso3</strong></span> <span class='ocrx_word' id='word_1_69' title='bbox 829 666 876 708; x_wconf 88' lang='lat' dir='ltr'><strong>in</strong></span> <span class='ocrx_word' id='word_1_70' title='bbox 906 665 1112 720; x_wconf 83' lang='lat' dir='ltr'><strong>secundo,</strong></span> <span class='ocrx_word' id='word_1_71' title='bbox 1143 679 1253 721; x_wconf 87' lang='lat' dir='ltr'><strong>quae</strong></span> <span class='ocrx_word' id='word_1_72' title='bbox 1283 665 1338 707; x_wconf 85' lang='lat' dir='ltr'><strong>ad</strong></span> <span class='ocrx_word' id='word_1_73' title='bbox 1361 679 1482 720; x_wconf 88' lang='lat' dir='ltr'><strong>proe-</strong></span> 
     </span>
     <span class='ocr_line' id='line_1_15' title="bbox 130 724 1482 781; baseline -0.001 -13"><span class='ocrx_word' id='word_1_74' title='bbox 130 727 237 769; x_wconf 88' lang='lat' dir='ltr'><strong>lium</strong></span> <span class='ocrx_word' id='word_1_75' title='bbox 270 729 312 768; x_wconf 88' lang='lat' dir='ltr'><strong>et</strong></span> <span class='ocrx_word' id='word_1_76' title='bbox 344 726 585 768; x_wconf 85' lang='lat' dir='ltr'><strong>confectam</strong></span> <span class='ocrx_word' id='word_1_77' title='bbox 619 726 891 781; x_wconf 78' lang='lat' dir='ltr'><strong>pacationem</strong></span> <span class='ocrx_word' id='word_1_78' title='bbox 928 724 1196 780; x_wconf 80' lang='lat' dir='ltr'><strong>pertineant3</strong></span> <span class='ocrx_word' id='word_1_79' title='bbox 1233 725 1387 766; x_wconf 89' lang='lat' dir='ltr'><strong>tertius</strong></span> <span class='ocrx_word' id='word_1_80' title='bbox 1419 724 1482 765; x_wconf 88' lang='lat' dir='ltr'><strong>in-</strong></span> 
     </span>
     <span class='ocr_line' id='line_1_16' title="bbox 129 783 1483 840; baseline -0.002 -13"><span class='ocrx_word' id='word_1_81' title='bbox 129 786 330 828; x_wconf 86' lang='lat' dir='ltr'><strong>ferendae</strong></span> <span class='ocrx_word' id='word_1_82' title='bbox 357 785 675 840; x_wconf 87' lang='lat' dir='ltr'><strong>soluendaeque</strong></span> <span class='ocrx_word' id='word_1_83' title='bbox 702 784 919 827; x_wconf 85' lang='lat' dir='ltr'><strong>obsidioni</strong></span> <span class='ocrx_word' id='word_1_84' title='bbox 943 783 1124 826; x_wconf 90' lang='lat' dir='ltr'><strong>habebit</strong></span> <span class='ocrx_word' id='word_1_85' title='bbox 1143 785 1483 836; x_wconf 73' lang='grc' dir='ltr'>ετρατηγήματαε</span> 
     </span>
     <span class='ocr_line' id='line_1_17' title="bbox 131 843 1341 901; baseline -0.002 -14"><span class='ocrx_word' id='word_1_86' title='bbox 131 845 287 901; x_wconf 88' lang='lat' dir='ltr'><strong>quibus</strong></span> <span class='ocrx_word' id='word_1_87' title='bbox 320 845 522 899; x_wconf 83' lang='lat' dir='ltr'>deinceps</span> <span class='ocrx_word' id='word_1_88' title='bbox 556 844 786 900; x_wconf 83' lang='lat' dir='ltr'><strong>generibus</strong></span> <span class='ocrx_word' id='word_1_89' title='bbox 820 857 920 886; x_wconf 90' lang='lat' dir='ltr'><strong>suas</strong></span> <span class='ocrx_word' id='word_1_90' title='bbox 953 843 1117 897; x_wconf 89' lang='lat' dir='ltr'><strong>species</strong></span> <span class='ocrx_word' id='word_1_91' title='bbox 1149 843 1341 885; x_wconf 74' lang='lat' dir='ltr'><strong>attribui.</strong></span> 
     </span>
    </p>

    <p class='ocr_par' dir='ltr' id='par_1_7' title="bbox 129 901 1487 1551">
     <span class='ocr_line' id='line_1_18' title="bbox 219 901 1485 956; baseline -0.003 -10"><span class='ocrx_word' id='word_1_92' title='bbox 219 903 332 946; x_wconf 84' lang='lat' dir='ltr'><strong>Huic</strong></span> <span class='ocrx_word' id='word_1_93' title='bbox 369 904 509 946; x_wconf 90' lang='lat' dir='ltr'><strong>labori</strong></span> <span class='ocrx_word' id='word_1_94' title='bbox 546 918 632 945; x_wconf 89' lang='lat' dir='ltr'><strong>non</strong></span> <span class='ocrx_word' id='word_1_95' title='bbox 671 903 830 945; x_wconf 89' lang='lat' dir='ltr'><strong>iniuste</strong></span> <span class='ocrx_word' id='word_1_96' title='bbox 867 902 1039 944; x_wconf 89' lang='lat' dir='ltr'><strong>ueniam</strong></span> <span class='ocrx_word' id='word_1_97' title='bbox 1077 901 1290 956; x_wconf 88' lang='lat' dir='ltr'><strong>paciscar,</strong></span> <span class='ocrx_word' id='word_1_98' title='bbox 1324 915 1379 943; x_wconf 90' lang='lat' dir='ltr'><strong>ne</strong></span> <span class='ocrx_word' id='word_1_99' title='bbox 1415 915 1485 942; x_wconf 89' lang='lat' dir='ltr'><strong>me</strong></span> 
     </span>
     <span class='ocr_line' id='line_1_19' title="bbox 129 960 1486 1019; baseline -0.002 -14"><span class='ocrx_word' id='word_1_100' title='bbox 129 979 208 1019; x_wconf 92' lang='lat' dir='ltr'><strong>pro</strong></span> <span class='ocrx_word' id='word_1_101' title='bbox 241 963 461 1005; x_wconf 90' lang='lat' dir='ltr'><strong>incurioso</strong></span> <span class='ocrx_word' id='word_1_102' title='bbox 493 961 798 1016; x_wconf 86' lang='lat' dir='ltr'><strong>reprehendat,</strong></span> <span class='ocrx_word' id='word_1_103' title='bbox 829 962 903 1017; x_wconf 89' lang='lat' dir='ltr'><strong>qui</strong></span> <span class='ocrx_word' id='word_1_104' title='bbox 934 962 1220 1016; x_wconf 88' lang='lat' dir='ltr'><strong>praeteritum</strong></span> <span class='ocrx_word' id='word_1_105' title='bbox 1253 960 1428 1016; x_wconf 90' lang='lat' dir='ltr'><strong>aliquod</strong></span> <span class='ocrx_word' id='word_1_106' title='bbox 1461 974 1486 1001; x_wconf 87' lang='lat' dir='ltr'><strong>a</strong></span> 
     </span>
     <span class='ocr_line' id='line_1_20' title="bbox 130 1018 1486 1077; baseline -0.003 -13"><span class='ocrx_word' id='word_1_107' title='bbox 130 1022 256 1064; x_wconf 89' lang='lat' dir='ltr'><strong>nobis</strong></span> <span class='ocrx_word' id='word_1_108' title='bbox 289 1021 527 1077; x_wconf 85' lang='lat' dir='ltr'><strong>reppererit</strong></span> <span class='ocrx_word' id='word_1_109' title='bbox 558 1021 818 1075; x_wconf 87' lang='lat' dir='ltr'><strong>exemplum:</strong></span> <span class='ocrx_word' id='word_1_110' title='bbox 851 1019 946 1076; x_wconf 89' lang='lat' dir='ltr'><strong>quis</strong></span> <span class='ocrx_word' id='word_1_111' title='bbox 973 1020 1087 1062; x_wconf 91' lang='lat' dir='ltr'><strong>enim</strong></span> <span class='ocrx_word' id='word_1_112' title='bbox 1114 1020 1169 1062; x_wconf 89' lang='lat' dir='ltr'><strong>ad</strong></span> <span class='ocrx_word' id='word_1_113' title='bbox 1198 1018 1486 1073; x_wconf 86' lang='lat' dir='ltr'><strong>percensenda</strong></span> 
     </span>
     <span class='ocr_line' id='line_1_21' title="bbox 132 1078 1486 1135; baseline -0.003 -12"><span class='ocrx_word' id='word_1_114' title='bbox 132 1082 276 1124; x_wconf 90' lang='lat' dir='ltr'><strong>omnia</strong></span> <span class='ocrx_word' id='word_1_115' title='bbox 307 1083 604 1134; x_wconf 88' lang='lat' dir='ltr'><strong>monumenta,</strong></span> <span class='ocrx_word' id='word_1_116' title='bbox 643 1094 752 1135; x_wconf 87' lang='lat' dir='ltr'><strong>quae</strong></span> <span class='ocrx_word' id='word_1_117' title='bbox 783 1081 964 1134; x_wconf 88' lang='lat' dir='ltr'><strong>utraque</strong></span> <span class='ocrx_word' id='word_1_118' title='bbox 997 1078 1149 1134; x_wconf 86' lang='lat' dir='ltr'><strong>lingua</strong></span> <span class='ocrx_word' id='word_1_119' title='bbox 1178 1078 1341 1120; x_wconf 87' lang='lat' dir='ltr'><strong>tradita</strong></span> <span class='ocrx_word' id='word_1_120' title='bbox 1373 1080 1486 1131; x_wconf 87' lang='lat' dir='ltr'><strong>sunt,</strong></span> 
     </span>
     <span class='ocr_line' id='line_1_22' title="bbox 132 1136 1486 1192; baseline -0.004 -9"><span class='ocrx_word' id='word_1_121' title='bbox 132 1140 350 1183; x_wconf 80' lang='lat' dir='ltr'><strong>sufficiat?</strong></span> <span class='ocrx_word' id='word_1_122' title='bbox 382 1142 428 1182; x_wconf 87' lang='lat' dir='ltr'><strong>at</strong></span> <span class='ocrx_word' id='word_1_123' title='bbox 454 1140 593 1181; x_wconf 88' lang='lat' dir='ltr'><strong>multa</strong></span> <span class='ocrx_word' id='word_1_124' title='bbox 618 1142 662 1180; x_wconf 91' lang='lat' dir='ltr'><strong>et</strong></span> <span class='ocrx_word' id='word_1_125' title='bbox 685 1139 870 1181; x_wconf 88' lang='lat' dir='ltr'><strong>transire</strong></span> <span class='ocrx_word' id='word_1_126' title='bbox 896 1138 1004 1180; x_wconf 86' lang='lat' dir='ltr'><strong>mihi</strong></span> <span class='ocrx_word' id='word_1_127' title='bbox 1029 1138 1122 1192; x_wconf 88' lang='lat' dir='ltr'><strong>ipse</strong></span> <span class='ocrx_word' id='word_1_128' title='bbox 1146 1137 1339 1192; x_wconf 82' lang='lat' dir='ltr'><strong>permisi:</strong></span> <span class='ocrx_word' id='word_1_129' title='bbox 1371 1136 1486 1191; x_wconf 90' lang='lat' dir='ltr'><strong>quod</strong></span> 
     </span>
     <span class='ocr_line' id='line_1_23' title="bbox 131 1195 1484 1252; baseline -0.004 -10"><span class='ocrx_word' id='word_1_130' title='bbox 131 1214 199 1242; x_wconf 89' lang='lat' dir='ltr'><strong>me</strong></span> <span class='ocrx_word' id='word_1_131' title='bbox 232 1214 321 1242; x_wconf 90' lang='lat' dir='ltr'><strong>non</strong></span> <span class='ocrx_word' id='word_1_132' title='bbox 353 1199 445 1241; x_wconf 90' lang='lat' dir='ltr'><strong>sine</strong></span> <span class='ocrx_word' id='word_1_133' title='bbox 478 1213 608 1240; x_wconf 87' lang='lat' dir='ltr'><strong>causa</strong></span> <span class='ocrx_word' id='word_1_134' title='bbox 639 1198 793 1240; x_wconf 89' lang='lat' dir='ltr'><strong>fecisse</strong></span> <span class='ocrx_word' id='word_1_135' title='bbox 827 1197 982 1252; x_wconf 79' lang='lat' dir='ltr'><strong>scient,</strong></span> <span class='ocrx_word' id='word_1_136' title='bbox 1024 1196 1098 1252; x_wconf 87' lang='lat' dir='ltr'><strong>qui</strong></span> <span class='ocrx_word' id='word_1_137' title='bbox 1137 1195 1319 1238; x_wconf 86' lang='lat' dir='ltr'><strong>aliorum</strong></span> <span class='ocrx_word' id='word_1_138' title='bbox 1349 1196 1484 1238; x_wconf 88' lang='lat' dir='ltr'><strong>libros</strong></span> 
     </span>
     <span class='ocr_line' id='line_1_24' title="bbox 133 1254 1483 1313; baseline -0.004 -12"><span class='ocrx_word' id='word_1_139' title='bbox 133 1259 282 1301; x_wconf 84' lang='lat' dir='ltr'><strong>eadem</strong></span> <span class='ocrx_word' id='word_1_140' title='bbox 318 1258 669 1313; x_wconf 83' lang='lat' dir='ltr'><strong>promittentium</strong></span> <span class='ocrx_word' id='word_1_141' title='bbox 706 1256 912 1313; x_wconf 81' lang='lat' dir='ltr'><strong>legerint3</strong></span> <span class='ocrx_word' id='word_1_142' title='bbox 949 1270 1099 1298; x_wconf 92' lang='lat' dir='ltr'><strong>uerum</strong></span> <span class='ocrx_word' id='word_1_143' title='bbox 1130 1255 1257 1297; x_wconf 82' lang='lat' dir='ltr'><strong>facile</strong></span> <span class='ocrx_word' id='word_1_144' title='bbox 1289 1255 1371 1297; x_wconf 89' lang='lat' dir='ltr'><strong>erit</strong></span> <span class='ocrx_word' id='word_1_145' title='bbox 1403 1254 1483 1296; x_wconf 90' lang='lat' dir='ltr'><strong>sub</strong></span> 
     </span>
     <span class='ocr_line' id='line_1_25' title="bbox 132 1314 1487 1373; baseline -0.004 -13"><span class='ocrx_word' id='word_1_146' title='bbox 132 1332 299 1373; x_wconf 87' lang='lat' dir='ltr'><strong>quaque</strong></span> <span class='ocrx_word' id='word_1_147' title='bbox 338 1317 478 1372; x_wconf 91' lang='lat' dir='ltr'><strong>specie</strong></span> <span class='ocrx_word' id='word_1_148' title='bbox 511 1330 755 1372; x_wconf 85' lang='lat' dir='ltr'><strong>suggerere.</strong></span> <span class='ocrx_word' id='word_1_149' title='bbox 816 1330 918 1357; x_wconf 89' lang='lat' dir='ltr'><strong>nam</strong></span> <span class='ocrx_word' id='word_1_150' title='bbox 956 1329 1052 1357; x_wconf 88' lang='lat' dir='ltr'><strong>cum</strong></span> <span class='ocrx_word' id='word_1_151' title='bbox 1091 1314 1173 1356; x_wconf 92' lang='lat' dir='ltr'><strong>hoc</strong></span> <span class='ocrx_word' id='word_1_152' title='bbox 1211 1329 1336 1369; x_wconf 88' lang='lat' dir='ltr'><strong>opus,</strong></span> <span class='ocrx_word' id='word_1_153' title='bbox 1375 1314 1487 1356; x_wconf 86' lang='lat' dir='ltr'><strong>sicut</strong></span> 
     </span>
     <span class='ocr_line' id='line_1_26' title="bbox 133 1373 1486 1432; baseline -0.004 -13"><span class='ocrx_word' id='word_1_154' title='bbox 133 1380 295 1432; x_wconf 82' lang='lat' dir='ltr'><strong>cetera,</strong></span> <span class='ocrx_word' id='word_1_155' title='bbox 325 1391 429 1419; x_wconf 87' lang='lat' dir='ltr'><strong>usus</strong></span> <span class='ocrx_word' id='word_1_156' title='bbox 460 1376 606 1431; x_wconf 87' lang='lat' dir='ltr'><strong>potius</strong></span> <span class='ocrx_word' id='word_1_157' title='bbox 637 1376 820 1417; x_wconf 86' lang='lat' dir='ltr'><strong>aliorum</strong></span> <span class='ocrx_word' id='word_1_158' title='bbox 847 1389 978 1430; x_wconf 88' lang='lat' dir='ltr'><strong>quam</strong></span> <span class='ocrx_word' id='word_1_159' title='bbox 1003 1388 1123 1416; x_wconf 90' lang='lat' dir='ltr'><strong>meae</strong></span> <span class='ocrx_word' id='word_1_160' title='bbox 1149 1373 1486 1416; x_wconf 86' lang='lat' dir='ltr'><strong>commendatio-</strong></span> 
     </span>
     <span class='ocr_line' id='line_1_27' title="bbox 132 1431 1487 1491; baseline -0.004 -13"><span class='ocrx_word' id='word_1_161' title='bbox 132 1437 200 1479; x_wconf 89' lang='lat' dir='ltr'><strong>nis</strong></span> <span class='ocrx_word' id='word_1_162' title='bbox 234 1450 363 1478; x_wconf 87' lang='lat' dir='ltr'><strong>causa</strong></span> <span class='ocrx_word' id='word_1_163' title='bbox 396 1435 627 1491; x_wconf 86' lang='lat' dir='ltr'><strong>adgressus</strong></span> <span class='ocrx_word' id='word_1_164' title='bbox 660 1435 755 1490; x_wconf 85' lang='lat' dir='ltr'><strong>sim,</strong></span> <span class='ocrx_word' id='word_1_165' title='bbox 787 1433 985 1476; x_wconf 85' lang='lat' dir='ltr'><strong>adiuuari</strong></span> <span class='ocrx_word' id='word_1_166' title='bbox 1016 1447 1084 1474; x_wconf 92' lang='lat' dir='ltr'><strong>me</strong></span> <span class='ocrx_word' id='word_1_167' title='bbox 1118 1432 1172 1475; x_wconf 92' lang='lat' dir='ltr'><strong>ab</strong></span> <span class='ocrx_word' id='word_1_168' title='bbox 1203 1432 1272 1474; x_wconf 88' lang='lat' dir='ltr'><strong>his</strong></span> <span class='ocrx_word' id='word_1_169' title='bbox 1305 1431 1379 1487; x_wconf 91' lang='lat' dir='ltr'><strong>qui</strong></span> <span class='ocrx_word' id='word_1_170' title='bbox 1411 1431 1487 1473; x_wconf 84' lang='lat' dir='ltr'><strong>ali-</strong></span> 
     </span>
     <span class='ocr_line' id='line_1_28' title="bbox 134 1491 1095 1551; baseline -0.004 -14"><span class='ocrx_word' id='word_1_171' title='bbox 134 1496 234 1551; x_wconf 88' lang='lat' dir='ltr'><strong>quid</strong></span> <span class='ocrx_word' id='word_1_172' title='bbox 265 1495 332 1537; x_wconf 91' lang='lat' dir='ltr'><strong>illi</strong></span> <span class='ocrx_word' id='word_1_173' title='bbox 365 1495 607 1547; x_wconf 90' lang='lat' dir='ltr'><strong>adstruent‚</strong></span> <span class='ocrx_word' id='word_1_174' title='bbox 638 1508 726 1535; x_wconf 89' lang='lat' dir='ltr'><strong>non</strong></span> <span class='ocrx_word' id='word_1_175' title='bbox 757 1493 882 1548; x_wconf 87' lang='lat' dir='ltr'><strong>argui</strong></span> <span class='ocrx_word' id='word_1_176' title='bbox 913 1491 1095 1534; x_wconf 89' lang='lat' dir='ltr'><strong>credam.</strong></span> 
     </span>
    </p>

    <p class='ocr_par' dir='ltr' id='par_1_8' title="bbox 133 1549 1487 1723">
     <span class='ocr_line' id='line_1_29' title="bbox 225 1549 1486 1609; baseline -0.006 -13"><span class='ocrx_word' id='word_1_177' title='bbox 225 1553 288 1607; x_wconf 83' lang='lat' dir='ltr'><strong>[Si</strong></span> <span class='ocrx_word' id='word_1_178' title='bbox 327 1553 401 1609; x_wconf 86' lang='lat' dir='ltr'><strong>qui</strong></span> <span class='ocrx_word' id='word_1_179' title='bbox 439 1557 582 1607; x_wconf 82' lang='lat' dir='ltr'><strong>erunt,</strong></span> <span class='ocrx_word' id='word_1_180' title='bbox 627 1553 782 1607; x_wconf 91' lang='lat' dir='ltr'><strong>quibus</strong></span> <span class='ocrx_word' id='word_1_181' title='bbox 822 1551 1048 1594; x_wconf 86' lang='lat' dir='ltr'><strong>uolumina</strong></span> <span class='ocrx_word' id='word_1_182' title='bbox 1084 1550 1192 1592; x_wconf 91' lang='lat' dir='ltr'><strong>haec</strong></span> <span class='ocrx_word' id='word_1_183' title='bbox 1233 1549 1351 1591; x_wconf 90' lang='lat' dir='ltr'><strong>cordi</strong></span> <span class='ocrx_word' id='word_1_184' title='bbox 1389 1549 1486 1603; x_wconf 85' lang='lat' dir='ltr'><strong>sint,</strong></span> 
     </span>
     <span class='ocr_line' id='line_1_30' title="bbox 133 1609 1487 1664; baseline -0.004 -9"><span class='ocrx_word' id='word_1_185' title='bbox 133 1613 408 1656; x_wconf 88' lang='lat' dir='ltr'><strong>meminerint</strong></span> <span class='ocrx_word' id='word_1_186' title='bbox 458 1614 744 1664; x_wconf 81' lang='grc' dir='ltr'>ετρατηγικῶν</span> <span class='ocrx_word' id='word_1_187' title='bbox 788 1614 831 1653; x_wconf 90' lang='lat' dir='ltr'><strong>et</strong></span> <span class='ocrx_word' id='word_1_188' title='bbox 874 1609 1231 1662; x_wconf 80' lang='grc' dir='ltr'>ετρατηγημάτων</span> <span class='ocrx_word' id='word_1_189' title='bbox 1278 1622 1487 1663; x_wconf 87' lang='lat' dir='ltr'><strong>perquam</strong></span> 
     </span>
     <span class='ocr_line' id='line_1_31' title="bbox 135 1668 1487 1723; baseline -0.005 -8"><span class='ocrx_word' id='word_1_190' title='bbox 135 1673 319 1715; x_wconf 84' lang='lat' dir='ltr'><strong>similem</strong></span> <span class='ocrx_word' id='word_1_191' title='bbox 367 1675 570 1714; x_wconf 86' lang='lat' dir='ltr'><strong>naturam</strong></span> <span class='ocrx_word' id='word_1_192' title='bbox 618 1671 872 1713; x_wconf 89' lang='lat' dir='ltr'><strong>discernere.</strong></span> <span class='ocrx_word' id='word_1_193' title='bbox 932 1683 1119 1723; x_wconf 89' lang='lat' dir='ltr'><strong>namque</strong></span> <span class='ocrx_word' id='word_1_194' title='bbox 1164 1668 1328 1722; x_wconf 86' lang='lat' dir='ltr'><strong>omnia,</strong></span> <span class='ocrx_word' id='word_1_195' title='bbox 1379 1680 1487 1722; x_wconf 86' lang='lat' dir='ltr'><strong>quae</strong></span> 
     </span>
    </p>
   </div>
   <div class='ocr_carea' id='block_1_7' title="bbox 134 1745 419 1750">
    <p class='ocr_par' dir='ltr' id='par_1_9' title="bbox 134 1745 419 1750">
     <span class='ocr_line' id='line_1_32' title="bbox 134 1745 419 1750; baseline 0 0"><span class='ocrx_word' id='word_1_196' title='bbox 134 1745 419 1750; x_wconf 95' lang='lat' dir='ltr'><strong> </strong></span> 
     </span>
    </p>
   </div>
   <div class='ocr_carea' id='block_1_8' title="bbox 133 1758 1489 2378">
    <p class='ocr_par' dir='ltr' id='par_1_10' title="bbox 133 1758 1489 2378">
     <span class='ocr_line' id='line_1_33' title="bbox 230 1758 1487 1810; baseline -0.005 -12"><span class='ocrx_word' id='word_1_197' title='bbox 230 1770 248 1798; x_wconf 89' lang='lat'>1</span> <span class='ocrx_word' id='word_1_198' title='bbox 275 1765 356 1809; x_wconf 88' lang='lat' dir='ltr'><strong>ipse</strong></span> <span class='ocrx_word' id='word_1_199' title='bbox 379 1764 413 1799; x_wconf 75' lang='lat' dir='ltr'><strong><em>G</em></strong></span> <span class='ocrx_word' id='word_1_200' title='bbox 441 1766 446 1810; x_wconf 86' lang='grc'><strong>1</strong></span> <span class='ocrx_word' id='word_1_201' title='bbox 481 1769 501 1799; x_wconf 91' lang='grc'><strong>2</strong></span> <span class='ocrx_word' id='word_1_202' title='bbox 529 1763 802 1799; x_wconf 87' lang='lat' dir='ltr'><strong>confunderunt</strong></span> <span class='ocrx_word' id='word_1_203' title='bbox 824 1761 859 1798; x_wconf 76' lang='lat' dir='ltr'><strong><em>G</em></strong></span> <span class='ocrx_word' id='word_1_204' title='bbox 892 1763 897 1808; x_wconf 92' lang='grc' dir='ltr'>Ι</span> <span class='ocrx_word' id='word_1_205' title='bbox 931 1765 952 1797; x_wconf 93' lang='grc'>8</span> <span class='ocrx_word' id='word_1_206' title='bbox 979 1760 1192 1796; x_wconf 85' lang='lat' dir='ltr'><strong>diduximus</strong></span> <span class='ocrx_word' id='word_1_207' title='bbox 1216 1760 1309 1795; x_wconf 82' lang='lat' dir='ltr'><strong>Ded.</strong></span> <span class='ocrx_word' id='word_1_208' title='bbox 1337 1758 1487 1793; x_wconf 89' lang='lat' dir='ltr'><strong>deduci-</strong></span> 
     </span>
     <span class='ocr_line' id='line_1_34' title="bbox 133 1806 1487 1856; baseline -0.006 -9"><span class='ocrx_word' id='word_1_209' title='bbox 133 1824 215 1847; x_wconf 90' lang='lat' dir='ltr'><strong>mus</strong></span> <span class='ocrx_word' id='word_1_210' title='bbox 237 1812 363 1847; x_wconf 85' lang='lat' dir='ltr'><em>GHP</em></span> <span class='ocrx_word' id='word_1_211' title='bbox 392 1811 602 1847; x_wconf 86' lang='lat' dir='ltr'><strong>diducimus</strong></span> <span class='ocrx_word' id='word_1_212' title='bbox 628 1812 653 1847; x_wconf 79' lang='lat' dir='ltr'><strong>d</strong></span> <span class='ocrx_word' id='word_1_213' title='bbox 687 1814 691 1854; x_wconf 77' lang='grc' dir='ltr'>Ι</span> <span class='ocrx_word' id='word_1_214' title='bbox 727 1814 770 1845; x_wconf 91' lang='grc'><strong>10</strong></span> <span class='ocrx_word' id='word_1_215' title='bbox 795 1811 922 1856; x_wconf 88' lang='lat' dir='ltr'><strong>pagat.</strong></span> <span class='ocrx_word' id='word_1_216' title='bbox 950 1809 996 1844; x_wconf 98' lang='lat' dir='ltr'><em>H</em></span> <span class='ocrx_word' id='word_1_217' title='bbox 1019 1807 1234 1853; x_wconf 82' lang='lat' dir='ltr'><strong>pactionem</strong></span> <span class='ocrx_word' id='word_1_218' title='bbox 1259 1807 1285 1842; x_wconf 78' lang='lat' dir='ltr'><strong>d</strong></span> <span class='ocrx_word' id='word_1_219' title='bbox 1313 1808 1318 1850; x_wconf 92' lang='grc' dir='ltr'>Ι</span> <span class='ocrx_word' id='word_1_220' title='bbox 1354 1809 1396 1840; x_wconf 91' lang='grc'><strong>11</strong></span> <span class='ocrx_word' id='word_1_221' title='bbox 1423 1806 1487 1840; x_wconf 85' lang='lat' dir='ltr'><strong>ob—</strong></span> 
     </span>
     <span class='ocr_line' id='line_1_35' title="bbox 134 1852 1487 1902; baseline -0.007 -7"><span class='ocrx_word' id='word_1_222' title='bbox 134 1859 268 1895; x_wconf 91' lang='lat' dir='ltr'><strong>sidioni</strong></span> <span class='ocrx_word' id='word_1_223' title='bbox 286 1858 320 1893; x_wconf 76' lang='lat' dir='ltr'><strong><em>G</em></strong></span> <span class='ocrx_word' id='word_1_224' title='bbox 346 1858 602 1894; x_wconf 79' lang='lat' dir='ltr'><strong>obsidionibus</strong></span> <span class='ocrx_word' id='word_1_225' title='bbox 626 1859 717 1902; x_wconf 88' lang='lat' dir='ltr'><strong>(bus</strong></span> <span class='ocrx_word' id='word_1_226' title='bbox 732 1858 809 1893; x_wconf 77' lang='lat' dir='ltr'><strong>uid.</strong></span> <span class='ocrx_word' id='word_1_227' title='bbox 824 1859 921 1902; x_wconf 72' lang='lat' dir='ltr'><strong>exp.)</strong></span> <span class='ocrx_word' id='word_1_228' title='bbox 936 1856 982 1891; x_wconf 90' lang='lat' dir='ltr'><em>H</em></span> <span class='ocrx_word' id='word_1_229' title='bbox 1003 1854 1207 1891; x_wconf 80' lang='lat' dir='ltr'><strong>obsidionis</strong></span> <span class='ocrx_word' id='word_1_230' title='bbox 1223 1853 1260 1888; x_wconf 90' lang='lat' dir='ltr'><strong><em>P</em></strong></span> <span class='ocrx_word' id='word_1_231' title='bbox 1279 1853 1284 1898; x_wconf 94' lang='grc' dir='ltr'>Ι</span> <span class='ocrx_word' id='word_1_232' title='bbox 1306 1852 1487 1897; x_wconf 79' lang='lat' dir='ltr'><strong>stratege-</strong></span> 
     </span>
     <span class='ocr_line' id='line_1_36' title="bbox 133 1900 1486 1948; baseline -0.006 -7"><span class='ocrx_word' id='word_1_233' title='bbox 133 1907 238 1942; x_wconf 85' lang='lat' dir='ltr'><strong>mata</strong></span> <span class='ocrx_word' id='word_1_234' title='bbox 250 1906 338 1940; x_wconf 91' lang='grc' dir='ltr'><strong>ΗΡ</strong></span> <span class='ocrx_word' id='word_1_235' title='bbox 358 1908 362 1948; x_wconf 92' lang='grc' dir='ltr'>Ι</span> <span class='ocrx_word' id='word_1_236' title='bbox 386 1910 430 1940; x_wconf 93' lang='grc'><strong>12</strong></span> <span class='ocrx_word' id='word_1_237' title='bbox 457 1905 612 1941; x_wconf 89' lang='lat' dir='ltr'><strong>ettribui</strong></span> <span class='ocrx_word' id='word_1_238' title='bbox 626 1906 670 1940; x_wconf 87' lang='lat' dir='ltr'><strong><em>H</em></strong></span> <span class='ocrx_word' id='word_1_239' title='bbox 685 1908 769 1940; x_wconf 75' lang='lat' dir='ltr'><strong>ante</strong></span> <span class='ocrx_word' id='word_1_240' title='bbox 788 1915 880 1940; x_wconf 84' lang='lat' dir='ltr'><strong>corr.</strong></span> <span class='ocrx_word' id='word_1_241' title='bbox 904 1907 909 1947; x_wconf 80' lang='grc' dir='ltr'>Ι</span> <span class='ocrx_word' id='word_1_242' title='bbox 933 1907 976 1938; x_wconf 90' lang='grc'><strong>13</strong></span> <span class='ocrx_word' id='word_1_243' title='bbox 995 1902 1153 1937; x_wconf 85' lang='lat' dir='ltr'><strong>Huic—</strong></span> <span class='ocrx_word' id='word_1_244' title='bbox 1170 1900 1360 1946; x_wconf 84' lang='lat' dir='ltr'><strong>posuimus</strong></span> <span class='ocrx_word' id='word_1_245' title='bbox 1381 1902 1433 1943; x_wconf 92' lang='lat'><strong>(3,</strong></span> <span class='ocrx_word' id='word_1_246' title='bbox 1447 1901 1486 1942; x_wconf 86' lang='lat'><strong>7)</strong></span> 
     </span>
     <span class='ocr_line' id='line_1_37' title="bbox 134 1945 1486 1998; baseline -0.007 -8"><span class='ocrx_word' id='word_1_247' title='bbox 134 1955 218 1990; x_wconf 80' lang='lat' dir='ltr'><strong>eicit</strong></span> <span class='ocrx_word' id='word_1_248' title='bbox 245 1952 433 1997; x_wconf 74' lang='lat' dir='ltr'><strong>Woelfflin</strong></span> <span class='ocrx_word' id='word_1_249' title='bbox 460 1954 466 1998; x_wconf 89' lang='lat' dir='ltr'><strong>l</strong></span> <span class='ocrx_word' id='word_1_250' title='bbox 498 1954 649 1988; x_wconf 87' lang='lat' dir='ltr'><strong>ueniam</strong></span> <span class='ocrx_word' id='word_1_251' title='bbox 676 1955 729 1996; x_wconf 92' lang='lat' dir='ltr'><strong>(m</strong></span> <span class='ocrx_word' id='word_1_252' title='bbox 754 1952 796 1986; x_wconf 74' lang='lat' dir='ltr'><strong>in</strong></span> <span class='ocrx_word' id='word_1_253' title='bbox 819 1961 891 1986; x_wconf 84' lang='lat' dir='ltr'><strong>ras.</strong></span> <span class='ocrx_word' id='word_1_254' title='bbox 918 1951 957 1994; x_wconf 81' lang='lat' dir='ltr'><strong>h)</strong></span> <span class='ocrx_word' id='word_1_255' title='bbox 982 1949 1027 1984; x_wconf 89' lang='lat' dir='ltr'><em>H</em></span> <span class='ocrx_word' id='word_1_256' title='bbox 1050 1951 1055 1994; x_wconf 92' lang='grc' dir='ltr'>Ι</span> <span class='ocrx_word' id='word_1_257' title='bbox 1091 1952 1133 1983; x_wconf 85' lang='grc'><strong>15</strong></span> <span class='ocrx_word' id='word_1_258' title='bbox 1159 1946 1322 1992; x_wconf 85' lang='lat' dir='ltr'><strong>repperit</strong></span> <span class='ocrx_word' id='word_1_259' title='bbox 1347 1945 1381 1981; x_wconf 77' lang='lat' dir='ltr'><strong><em>G</em></strong></span> <span class='ocrx_word' id='word_1_260' title='bbox 1409 1947 1414 1991; x_wconf 84' lang='grc' dir='ltr'>Ι</span> <span class='ocrx_word' id='word_1_261' title='bbox 1443 1949 1486 1980; x_wconf 90' lang='grc'><strong>16</strong></span> 
     </span>
     <span class='ocr_line' id='line_1_38' title="bbox 134 1993 1484 2043; baseline -0.006 -8"><span class='ocrx_word' id='word_1_262' title='bbox 134 2001 366 2037; x_wconf 80' lang='lat' dir='ltr'><strong>monimenta</strong></span> <span class='ocrx_word' id='word_1_263' title='bbox 390 2001 413 2035; x_wconf 79' lang='lat' dir='ltr'><em>h</em></span> <span class='ocrx_word' id='word_1_264' title='bbox 447 2002 451 2043; x_wconf 94' lang='grc' dir='ltr'>Ι</span> <span class='ocrx_word' id='word_1_265' title='bbox 495 2004 536 2035; x_wconf 83' lang='grc'><strong>17</strong></span> <span class='ocrx_word' id='word_1_266' title='bbox 572 2002 612 2035; x_wconf 85' lang='lat' dir='ltr'><strong>at</strong></span> <span class='ocrx_word' id='word_1_267' title='bbox 635 2010 702 2035; x_wconf 75' lang='lat' dir='ltr'><strong>nos</strong></span> <span class='ocrx_word' id='word_1_268' title='bbox 727 2000 770 2034; x_wconf 92' lang='lat' dir='ltr'><strong>ut</strong></span> <span class='ocrx_word' id='word_1_269' title='bbox 795 1998 881 2034; x_wconf 79' lang='lat' dir='ltr'><em>GH</em></span> <span class='ocrx_word' id='word_1_270' title='bbox 885 1997 923 2032; x_wconf 91' lang='lat' dir='ltr'><strong><em>P</em></strong></span> <span class='ocrx_word' id='word_1_271' title='bbox 959 1996 1057 2032; x_wconf 90' lang='lat' dir='ltr'><strong>unde</strong></span> <span class='ocrx_word' id='word_1_272' title='bbox 1083 1995 1162 2031; x_wconf 82' lang='lat' dir='ltr'><strong>edd.</strong></span> <span class='ocrx_word' id='word_1_273' title='bbox 1199 1995 1255 2029; x_wconf 84' lang='lat' dir='ltr'><strong>ita</strong></span> <span class='ocrx_word' id='word_1_274' title='bbox 1279 1993 1452 2028; x_wconf 80' lang='lat' dir='ltr'><strong>Herelius</strong></span> <span class='ocrx_word' id='word_1_275' title='bbox 1481 1993 1484 2038; x_wconf 68' lang='grc'><strong>1</strong></span> 
     </span>
     <span class='ocr_line' id='line_1_39' title="bbox 134 2040 1489 2092; baseline -0.007 -8"><span class='ocrx_word' id='word_1_276' title='bbox 134 2047 334 2084; x_wconf 84' lang='lat' dir='ltr'><strong>transirem</strong></span> <span class='ocrx_word' id='word_1_277' title='bbox 357 2048 381 2083; x_wconf 83' lang='lat' dir='ltr'><strong>d</strong></span> <span class='ocrx_word' id='word_1_278' title='bbox 403 2049 407 2092; x_wconf 81' lang='grc' dir='ltr'>Ι</span> <span class='ocrx_word' id='word_1_279' title='bbox 430 2047 510 2092; x_wconf 85' lang='lat' dir='ltr'><strong>ipse</strong></span> <span class='ocrx_word' id='word_1_280' title='bbox 530 2058 597 2082; x_wconf 87' lang='lat' dir='ltr'><strong>om.</strong></span> <span class='ocrx_word' id='word_1_281' title='bbox 614 2047 651 2081; x_wconf 91' lang='lat' dir='ltr'><em>P</em></span> <span class='ocrx_word' id='word_1_282' title='bbox 671 2048 676 2091; x_wconf 83' lang='grc' dir='ltr'>Ι</span> <span class='ocrx_word' id='word_1_283' title='bbox 702 2049 744 2081; x_wconf 92' lang='grc'><strong>18</strong></span> <span class='ocrx_word' id='word_1_284' title='bbox 769 2056 843 2080; x_wconf 93' lang='lat' dir='ltr'><strong>non</strong></span> <span class='ocrx_word' id='word_1_285' title='bbox 863 2055 929 2080; x_wconf 85' lang='lat' dir='ltr'><strong>om.</strong></span> <span class='ocrx_word' id='word_1_286' title='bbox 944 2043 990 2079; x_wconf 88' lang='lat' dir='ltr'><em>H</em></span> <span class='ocrx_word' id='word_1_287' title='bbox 1006 2045 1012 2088; x_wconf 85' lang='grc'><strong>1</strong></span> <span class='ocrx_word' id='word_1_288' title='bbox 1033 2042 1155 2078; x_wconf 83' lang='lat' dir='ltr'><strong>sciant</strong></span> <span class='ocrx_word' id='word_1_289' title='bbox 1173 2041 1217 2076; x_wconf 89' lang='lat' dir='ltr'><em>H</em></span> <span class='ocrx_word' id='word_1_290' title='bbox 1234 2043 1240 2086; x_wconf 80' lang='grc' dir='ltr'>Ι</span> <span class='ocrx_word' id='word_1_291' title='bbox 1264 2044 1307 2075; x_wconf 88' lang='grc'><strong>19</strong></span> <span class='ocrx_word' id='word_1_292' title='bbox 1327 2040 1489 2085; x_wconf 87' lang='lat' dir='ltr'><strong>legerint</strong></span> 
     </span>
     <span class='ocr_line' id='line_1_40' title="bbox 136 2088 1487 2141; baseline -0.007 -10"><span class='ocrx_word' id='word_1_293' title='bbox 136 2097 214 2140; x_wconf 81' lang='lat' dir='ltr'><strong>(secl</strong></span> <span class='ocrx_word' id='word_1_294' title='bbox 238 2095 251 2130; x_wconf 92' lang='lat' dir='ltr'><strong>i</strong></span> <span class='ocrx_word' id='word_1_295' title='bbox 271 2105 343 2141; x_wconf 77' lang='lat' dir='ltr'><strong>pro</strong></span> <span class='ocrx_word' id='word_1_296' title='bbox 368 2105 387 2129; x_wconf 90' lang='lat' dir='ltr'><strong>e</strong></span> <span class='ocrx_word' id='word_1_297' title='bbox 414 2096 522 2138; x_wconf 81' lang='lat' dir='ltr'><strong>corr.)</strong></span> <span class='ocrx_word' id='word_1_298' title='bbox 553 2094 587 2129; x_wconf 78' lang='lat' dir='ltr'><strong><em>G</em></strong></span> <span class='ocrx_word' id='word_1_299' title='bbox 620 2095 626 2138; x_wconf 72' lang='grc' dir='ltr'>ί</span> <span class='ocrx_word' id='word_1_300' title='bbox 659 2094 727 2128; x_wconf 83' lang='lat' dir='ltr'><strong>sub</strong></span> <span class='ocrx_word' id='word_1_301' title='bbox 761 2102 984 2136; x_wconf 83' lang='lat' dir='ltr'><strong>unaquaque</strong></span> <span class='ocrx_word' id='word_1_302' title='bbox 1009 2091 1087 2126; x_wconf 79' lang='lat' dir='ltr'><strong>edd,</strong></span> <span class='ocrx_word' id='word_1_303' title='bbox 1131 2088 1199 2123; x_wconf 85' lang='lat' dir='ltr'><strong>sub</strong></span> <span class='ocrx_word' id='word_1_304' title='bbox 1226 2098 1293 2123; x_wconf 80' lang='lat' dir='ltr'><strong>sua</strong></span> <span class='ocrx_word' id='word_1_305' title='bbox 1317 2097 1487 2132; x_wconf 88' lang='lat' dir='ltr'><strong>quaeque</strong></span> 
     </span>
     <span class='ocr_line' id='line_1_41' title="bbox 139 2134 1486 2185; baseline -0.007 -7"><span class='ocrx_word' id='word_1_306' title='bbox 139 2143 232 2178; x_wconf 81' lang='lat' dir='ltr'><strong>Oud.</strong></span> <span class='ocrx_word' id='word_1_307' title='bbox 260 2153 326 2177; x_wconf 82' lang='lat' dir='ltr'><strong>sua</strong></span> <span class='ocrx_word' id='word_1_308' title='bbox 351 2142 419 2176; x_wconf 89' lang='lat' dir='ltr'><strong>sub</strong></span> <span class='ocrx_word' id='word_1_309' title='bbox 445 2151 592 2185; x_wconf 87' lang='lat' dir='ltr'><strong>quaque</strong></span> <span class='ocrx_word' id='word_1_310' title='bbox 626 2140 859 2176; x_wconf 60' lang='lat' dir='ltr'><strong>W&#39;aehsmuth</strong></span> <span class='ocrx_word' id='word_1_311' title='bbox 893 2141 898 2182; x_wconf 92' lang='grc' dir='ltr'>Ι</span> <span class='ocrx_word' id='word_1_312' title='bbox 938 2141 982 2172; x_wconf 90' lang='grc'><strong>21</strong></span> <span class='ocrx_word' id='word_1_313' title='bbox 1008 2149 1079 2172; x_wconf 89' lang='lat' dir='ltr'><strong>usu</strong></span> <span class='ocrx_word' id='word_1_314' title='bbox 1103 2137 1141 2171; x_wconf 91' lang='lat' dir='ltr'><strong><em>P</em></strong></span> <span class='ocrx_word' id='word_1_315' title='bbox 1170 2138 1175 2180; x_wconf 89' lang='grc' dir='ltr'>Ι</span> <span class='ocrx_word' id='word_1_316' title='bbox 1214 2138 1261 2170; x_wconf 83' lang='grc'><strong>24</strong></span> <span class='ocrx_word' id='word_1_317' title='bbox 1287 2134 1327 2170; x_wconf 73' lang='lat' dir='ltr'><strong>Si</strong></span> <span class='ocrx_word' id='word_1_318' title='bbox 1352 2134 1417 2180; x_wconf 88' lang='lat' dir='ltr'><strong>qui</strong></span> <span class='ocrx_word' id='word_1_319' title='bbox 1442 2154 1486 2160; x_wconf 92' lang='lat'>—</span> 
     </span>
     <span class='ocr_line' id='line_1_42' title="bbox 135 2182 1486 2236; baseline -0.007 -11"><span class='ocrx_word' id='word_1_320' title='bbox 135 2189 326 2236; x_wconf 79' lang='lat' dir='ltr'><strong>posuimus</strong></span> <span class='ocrx_word' id='word_1_321' title='bbox 351 2189 417 2224; x_wconf 83' lang='lat' dir='ltr'><strong>del.</strong></span> <span class='ocrx_word' id='word_1_322' title='bbox 444 2188 698 2231; x_wconf 77' lang='lat' dir='ltr'><strong>Wachsmuth‚·</strong></span> <span class='ocrx_word' id='word_1_323' title='bbox 723 2188 768 2231; x_wconf 83' lang='lat' dir='ltr'><strong>cf.</strong></span> <span class='ocrx_word' id='word_1_324' title='bbox 790 2186 910 2232; x_wconf 73' lang='lat' dir='ltr'><strong>praef.</strong></span> <span class='ocrx_word' id='word_1_325' title='bbox 931 2185 958 2231; x_wconf 68' lang='lat'><em>5</em></span> <span class='ocrx_word' id='word_1_326' title='bbox 976 2187 1000 2219; x_wconf 87' lang='grc'><em>8</em></span> <span class='ocrx_word' id='word_1_327' title='bbox 1028 2186 1033 2229; x_wconf 86' lang='grc' dir='ltr'>Ι</span> <span class='ocrx_word' id='word_1_328' title='bbox 1065 2182 1185 2218; x_wconf 86' lang='lat' dir='ltr'><strong>cordis</strong></span> <span class='ocrx_word' id='word_1_329' title='bbox 1205 2182 1249 2216; x_wconf 90' lang='lat' dir='ltr'><em>H</em></span> <span class='ocrx_word' id='word_1_330' title='bbox 1269 2185 1354 2217; x_wconf 72' lang='lat' dir='ltr'><strong>ante</strong></span> <span class='ocrx_word' id='word_1_331' title='bbox 1378 2192 1451 2216; x_wconf 76' lang='lat' dir='ltr'><strong>ras.</strong></span> <span class='ocrx_word' id='word_1_332' title='bbox 1480 2182 1486 2228; x_wconf 62' lang='lat' dir='ltr'><strong>l</strong></span> 
     </span>
     <span class='ocr_line' id='line_1_43' title="bbox 137 2229 1486 2281; baseline -0.007 -9"><span class='ocrx_word' id='word_1_333' title='bbox 137 2241 181 2273; x_wconf 84' lang='grc'><strong>25</strong></span> <span class='ocrx_word' id='word_1_334' title='bbox 209 2239 462 2281; x_wconf 71' lang='grc' dir='ltr'>στρατηγικῶν</span> <span class='ocrx_word' id='word_1_335' title='bbox 487 2246 553 2271; x_wconf 79' lang='lat' dir='ltr'><strong>nos</strong></span> <span class='ocrx_word' id='word_1_336' title='bbox 579 2233 966 2270; x_wconf 75' lang='grc' dir='ltr'>ΕΤΡΑΤΗΜΑΤΙΚωΝ</span> <span class='ocrx_word' id='word_1_337' title='bbox 990 2231 1021 2267; x_wconf 81' lang='lat'><em>0</em></span> <span class='ocrx_word' id='word_1_338' title='bbox 1042 2229 1486 2266; x_wconf 76' lang='grc' dir='ltr'>(ΤΡΑΤΗΓΗΜΑΤΙΚωΝ</span> 
     </span>
     <span class='ocr_line' id='line_1_44' title="bbox 140 2275 1488 2328; baseline -0.007 -8"><span class='ocrx_word' id='word_1_339' title='bbox 140 2285 285 2327; x_wconf 77' lang='lat' dir='ltr'><em>GHP;</em></span> <span class='ocrx_word' id='word_1_340' title='bbox 323 2284 370 2327; x_wconf 79' lang='lat' dir='ltr'><strong>cf.</strong></span> <span class='ocrx_word' id='word_1_341' title='bbox 398 2283 517 2328; x_wconf 78' lang='lat' dir='ltr'><strong>praef.</strong></span> <span class='ocrx_word' id='word_1_342' title='bbox 543 2282 571 2328; x_wconf 60' lang='grc' dir='ltr'><em>ἕ</em></span> <span class='ocrx_word' id='word_1_343' title='bbox 597 2285 620 2317; x_wconf 88' lang='grc'><em>8</em></span> <span class='ocrx_word' id='word_1_344' title='bbox 661 2283 666 2326; x_wconf 81' lang='grc' dir='ltr'>Ι</span> <span class='ocrx_word' id='word_1_345' title='bbox 707 2283 745 2316; x_wconf 91' lang='lat' dir='ltr'><strong>et</strong></span> <span class='ocrx_word' id='word_1_346' title='bbox 769 2280 860 2326; x_wconf 77' lang='grc' dir='ltr'>(τρ.]</span> <span class='ocrx_word' id='word_1_347' title='bbox 895 2277 1326 2314; x_wconf 68' lang='grc' dir='ltr'>ΕΤΕΡΑΤΗΓΗΜΑΤΕΟΝ</span> <span class='ocrx_word' id='word_1_348' title='bbox 1361 2276 1437 2320; x_wconf 82' lang='lat' dir='ltr'><strong>(sed</strong></span> <span class='ocrx_word' id='word_1_349' title='bbox 1463 2275 1488 2310; x_wconf 81' lang='lat' dir='ltr'>C</span> 
     </span>
     <span class='ocr_line' id='line_1_45' title="bbox 136 2323 1486 2378; baseline -0.009 -10"><span class='ocrx_word' id='word_1_350' title='bbox 136 2343 314 2378; x_wconf 76' lang='lat' dir='ltr'><strong>swperscr.</strong></span> <span class='ocrx_word' id='word_1_351' title='bbox 340 2331 379 2375; x_wconf 80' lang='lat' dir='ltr'><strong>h)</strong></span> <span class='ocrx_word' id='word_1_352' title='bbox 406 2330 451 2365; x_wconf 93' lang='lat' dir='ltr'><em>H</em></span> <span class='ocrx_word' id='word_1_353' title='bbox 469 2331 475 2375; x_wconf 87' lang='grc' dir='ltr'>Ι</span> <span class='ocrx_word' id='word_1_354' title='bbox 510 2333 554 2365; x_wconf 85' lang='grc'><strong>26</strong></span> <span class='ocrx_word' id='word_1_355' title='bbox 582 2339 742 2374; x_wconf 84' lang='lat' dir='ltr'><strong>namque</strong></span> <span class='ocrx_word' id='word_1_356' title='bbox 767 2338 833 2364; x_wconf 77' lang='lat' dir='ltr'><strong>nos</strong></span> <span class='ocrx_word' id='word_1_357' title='bbox 858 2338 945 2362; x_wconf 87' lang='lat' dir='ltr'><strong>nam</strong></span> <span class='ocrx_word' id='word_1_358' title='bbox 973 2337 1055 2362; x_wconf 90' lang='lat' dir='ltr'><strong>cum</strong></span> <span class='ocrx_word' id='word_1_359' title='bbox 1081 2324 1168 2360; x_wconf 88' lang='grc' dir='ltr'><strong>ΗΡ</strong></span> <span class='ocrx_word' id='word_1_360' title='bbox 1189 2334 1278 2359; x_wconf 88' lang='lat' dir='ltr'><strong>nam</strong></span> <span class='ocrx_word' id='word_1_361' title='bbox 1302 2324 1384 2358; x_wconf 88' lang='lat' dir='ltr'><strong>tum</strong></span> <span class='ocrx_word' id='word_1_362' title='bbox 1409 2323 1486 2359; x_wconf 84' lang='lat' dir='ltr'><strong>edd.</strong></span> 
     </span>
    </p>
   </div>
  </div>
 </body>
</html>
